2444 4140
476 398 542 451 36
865 392 1178 448 Pedantius
1202 394 1284 447 A.
1313 403 1417 446 HI.
1451 394 1537 449 Sc.
1567 404 1639 446 H.

528 551 649 599 Ped.
689 549 868 598 Dicito
902 548 1014 609 regi
1054 547 1252 609 (amico
1293 547 1436 610 meo)
1477 565 1693 598 summo
1735 550 1962 598 salutem
2003 567 2125 600 meo

468 627 688 675 nomine
706 625 1013 687 plurimam,
1036 640 1231 684 meque
1251 625 1365 686 ejus
1389 625 1445 673 in
1469 625 1694 686 gratiam
1719 625 1762 673 &
1786 627 1970 687 patriae
1993 643 2126 676 meae

467 719 629 751 causa
652 701 919 750 facturum
955 716 1076 761 quae
1109 700 1418 760 velit„illud
1452 700 1616 751 modo
1649 708 1831 752 teneat
1865 705 2124 752 memoria

304 780 421 842 1245
467 779 751 838 antiquum
793 776 1014 838 quidem
1041 776 1155 839 (sed
1194 776 1238 824 &
1277 777 1350 826 ita
1388 794 1594 837 verum,
1631 784 1688 827 vt
1720 780 1959 829 nesciam
1995 781 2125 829 anti-

466 856 696 916 quiusne
721 871 792 903 an
817 854 996 903 verius
1021 852 1107 914 sit)
1130 855 1191 902 H
1193 842 1329 928 onosfi
1319 854 1406 918 stt
1426 862 1561 903 artes·

532 932 649 993 Tyr.
682 929 945 980 Leonidae
969 936 1149 980 autem
1175 929 1242 979 de
1265 931 1455 992 viginti
1490 932 1652 981 minis
1676 932 1895 995 (quibus
1929 934 1978 981 ei
2012 934 2127 983 sine

465 1024 614 1056 mora
655 1006 919 1057 utendum
967 1013 1046 1056 est
1089 1006 1157 1056 ad
1197 1023 1325 1057 vsus
1365 1008 1731 1071 gravissimos)
1770 1008 1902 1070 quid
1945 1010 2026 1058 vis
2070 1016 2129 1061 ut

465 1083 823 1146 respondeam
844 1084 863 1131 ?

306 1160 422 1211 1250
526 1162 647 1209 Ped.
677 1161 724 1209 O
764 1159 1028 1220 Leonida,
1066 1166 1125 1210 tu
1160 1177 1216 1209 es
1252 1160 1449 1225 Planta
1490 1178 1610 1210 mea
1642 1161 1912 1224 frugifera,
1950 1162 1993 1210 δε
2027 1179 2127 1224 ego

465 1237 642 1287 bonus
670 1238 1012 1287 Hortulanus
1036 1237 1252 1299 irrigavi
1275 1243 1326 1286 te
1350 1239 1633 1301 praeceptis
1666 1237 2124 1298 fructuosissimis,

465 1315 557 1375 qui
597 1313 802 1377 profers
836 1315 949 1377 jam
990 1331 1103 1364 non
1142 1314 1319 1364 solum
1359 1313 1506 1374 folia,
1551 1314 1606 1364 id
1646 1322 1740 1375 est,
1793 1316 1951 1366 verba
1973 1333 1985 1376 ;
2033 1315 2128 1365 sed

468 1391 627 1440 etiam
652 1390 874 1450 fructus,
902 1390 957 1440 id
982 1397 1077 1450 est,
1104 1390 1246 1440 facta
1268 1390 1337 1440 ad
1362 1408 1538 1459 meam
1563 1392 1865 1442 utilitatem.

531 1470 649 1531 Tyr.
680 1470 761 1517 Ita
785 1469 1054 1530 sapienter
1077 1467 1121 1515 &
1145 1468 1382 1517 suaviter
1404 1467 1785 1531 lo-[71]queriS,
1812 1475 1868 1519 vt
1891 1468 2126 1530 doleam,

303 1544 420 1595 1255
466 1545 595 1594 mihi
640 1544 953 1595 abeundum
995 1561 1110 1594 esse
1154 1550 1265 1593 tam
1311 1545 1437 1594 cito.
1482 1545 1626 1594 Nam
1672 1552 1811 1595 certe
1854 1545 2127 1596 Leonidas

465 1639 720 1672 nummos
745 1628 988 1684 expectat
1012 1622 1143 1670 istos
1167 1622 1274 1670 iam
1300 1620 1412 1671 diu.

528 1701 648 1748 Ped.
694 1697 1153 1762 Quandoquidem
1195 1698 1278 1747 bis
1318 1697 1427 1758 dat,
1471 1700 1564 1759 qui
1604 1699 1710 1748 cito
1749 1698 1858 1759 dat,
1900 1699 2127 1750 habebis

465 1776 611 1830 illico
638 1793 775 1836 quos
799 1775 868 1824 ad
892 1792 1016 1825 eum
1043 1774 1250 1824 deferas
1278 1792 1289 1823 :
1316 1776 1444 1824 nolo
1469 1781 1528 1825 ut
1550 1775 1699 1825 tarde
1722 1777 1957 1825 veniant.
1988 1776 2126 1826 Mihi

468 1858 648 1902 autem
673 1852 989 1914 priusquam
1015 1869 1101 1900 me
1125 1851 1240 1900 dem
1264 1852 1455 1909 itineri,
1479 1852 1871 1915 componendae
1895 1860 2021 1903 sunt
2043 1871 2126 1904 res

305 1932 424 1980 1260
468 1928 792 1987 domesticae,
822 1930 932 1978 sive
957 1928 1037 1991 (ut
1062 1929 1235 1977 Graeci
1271 1928 1589 1990 loquuntur)
1614 1931 1980 1990 oeconomicae,
2008 1937 2123 1980 tum

465 2007 624 2055 etiam
649 2004 1028 2068 comparandae
1061 2011 1235 2054 vestes
1270 2006 1461 2055 aulicae
1491 2022 1502 2054 :
1532 2007 1675 2055 Nam
1708 2007 1959 2070 splendida
1991 2011 2125 2056 vestes

465 2087 575 2131 sunt
593 2082 848 2131 nobilitatis
871 2086 1012 2131 testes.
1042 2081 1278 2143 Sequere
1303 2099 1408 2132 me.

882 2215 1067 2269 Actus
1098 2215 1342 2269 Tertius,
1370 2214 1549 2269 Scena

1084 2339 1352 2390 Secunda.

304 2460 421 2510 1265
1031 2460 1393 2509 PoGGLosrvs

1139 2551 1278 2599 solus.

532 2668 621 2731 Dij
668 2675 903 2718 vostram
954 2668 1153 2719 fidem!
1203 2675 1406 2730 quanta
1450 2669 1507 2718 in
1550 2668 1890 2720 forofurum
1935 2670 2122 2720 turba!

465 2762 724 2807 quamque
745 2746 902 2808 pauci
931 2752 1057 2796 sunt
1092 2747 1186 2807 qui
1219 2746 1445 2796 honeste
1478 2746 1667 2795 vivunt
1694 2745 1704 2794 l
1742 2746 2126 2797 latrocinantur

459 2823 571 2885 jam
612 2839 818 2882 omnes,
862 2822 906 2870 ἃ
946 2822 1095 2884 quod
1136 2823 1392 2872 omnibus
1433 2823 1702 2882 convenit,
1739 2822 1872 2872 mihi
1906 2840 2124 2884 quoque

302 2912 421 2961 1270
464 2915 759 2960 congruere
784 2906 972 2948 natum
998 2906 1106 2959 est;
1134 2916 1260 2948 nam
1286 2898 1632 2962 hu-[72]mani
1666 2897 1801 2948 nihil
1836 2916 1867 2948 a
1890 2916 1976 2948 me
2000 2901 2122 2949 alie-

463 2993 595 3025 num
620 2982 752 3038 puto
782 2993 792 3024 :
820 2975 928 3025 Sed
953 2975 1089 3025 illud
1112 2992 1200 3024 me
1225 2976 1374 3037 angit
1404 2975 1654 3034 maxime,
1683 2975 1754 3024 ita
1777 2976 1977 3025 multos
2006 2993 2121 3026 esse

463 3069 609 3102 nunc
644 3053 809 3102 nostri
847 3051 1068 3111 ordinis,
1095 3058 1152 3101 vt
1184 3068 1252 3100 ne
1287 3052 1465 3100 vivere
1500 3050 1721 3112 quidem
1763 3051 1887 3101 inde
1923 3053 2121 3115 singuli

462 3129 752 3190 possimus·
778 3126 826 3177 'F
831 3146 988 3178 urum
1021 3128 1288 3190 alij'sacri‚
1317 3128 1404 3190 alij
1441 3127 1652 3190 profani
1680 3144 1691 3176 ε
1718 3128 1804 3190 alij
1841 3127 2003 3188 docti,
2031 3130 2117 3192 alij

468 3203 667 3253 indocti
711 3221 722 3253 :
766 3205 854 3267 alij
895 3205 1160 3266 generosi,
1202 3204 1289 3266 alij
1330 3221 1594 3267 pauperes
1633 3221 1644 3253 :
1686 3205 1772 3267 alij
1814 3221 1987 3264 senes,
2029 3205 2116 3267 alij

304 3280 421 3341 1275
467 3280 686 3329 iuvenes
715 3297 726 3329 ε
753 3281 839 3343 31ἱ]’
875 3281 1099 3344 publici,
1126 3280 1214 3342 alij
1251 3281 1562 3343 clancularij
1594 3297 1604 3329 :
1641 3281 1729 3344 alij
1761 3281 2000 3341 violenti,
2028 3281 2114 3343 alij
