2444 4140
330 155 428 222 134

329 311 477 348 1574
507 307 620 352 ludis
640 321 705 353 me
722 307 849 353 miris
867 307 1117 361 miserisque
1135 306 1286 352 modis.

488 376 602 422 Ter.
625 377 738 422 Hec.
763 375 801 421 Ι.
825 390 865 421 2.
893 390 970 431 104
994 389 1003 419 :
1027 378 1166 421 miris
1185 375 1349 421 modis
1371 375 1538 421 odisse
1560 380 1711 431 coepit
1732 376 2027 423 Sostratam.

490 445 653 492 Plaut.
676 445 784 491 Aul.
810 444 898 489 IV.
922 463 963 501 4.
987 450 1011 489 3
1035 458 1045 489 z
1070 457 1199 501 ego..
1220 450 1305 490 te..
1327 447 1522 490 miseris
1543 448 1643 491 iam
1663 449 1911 502 accipiam
1929 446 2108 493 modis.

329 520 470 557 1577
501 518 548 560 in
567 528 649 571 quo
667 514 929 571 acquiescere
944 516 1099 568 possis,
1120 516 1327 570 tanquam
1348 517 1391 558 in
1414 517 1645 572 opportuno
1665 515 1807 571 aliquo
1827 516 2097 562 Diversorio.

487 584 593 630 Cic.
615 584 665 627 de
694 584 823 629 Orat.
847 582 914 628 II.
938 587 1005 637 57.
1030 590 1110 640 234
1133 586 1482 639 :requiescam
1512 587 1563 630 in
1593 584 1807 630 Caesaris
1836 598 2066 631 sermone
2097 590 2241 642 quasi
2263 590 2314 632 in

543 653 715 710 aliquo
737 657 1115 708 peropportuno
1136 652 1443 698 deversorio.
1574 647 1580 652 ’

327 728 475 765 1582
506 724 735 781 Quomque
756 722 961 767 tandem..
982 721 1153 768 abutere
1167 724 1376 778 patientia
1395 726 1559 769 nostra.
1582 723 1687 770 Cic.
1710 725 1756 769 in
1778 724 1877 770 Cat.
1902 724 1941 773 Ι,
1965 725 2024 768 ad
2041 727 2104 768 in.

327 798 475 834 1580
504 792 657 838 multos
675 791 836 837 modios
854 791 961 836 salis
980 791 1247 837 comederem.
1273 790 1364 847 Cp.
1388 791 1493 837 Cic.
1517 793 1566 837 de
1584 794 1733 838 Amic.
1756 793 1891 837 XIX.
1910 800 1978 848 67.

328 867 471 903 1589
501 861 658 907 delicia
671 863 846 917 generis
867 860 1061 906 humani.
1085 859 1223 906 Suet.
1252 861 1393 914 Titus,
1413 861 1452 906 Ι.

326 936 477 973 1590
508 932 675 988 ipsam.
698 929 857 976 Suadce
882 929 1081 976 medulla.

483 999 589 1047 Cic.
612 1000 662 1045 de
675 1000 839 1046 Senect.
862 999 999 1045 XIV.
1024 1005 1091 1053 5ο,
1115 1005 1209 1045 etc.
1233 1000 1280 1043 A
1299 998 1508 1046 favorite
1531 1000 1715 1056 phrase
1736 1000 1858 1046 with
1878 999 1941 1047 G.
1968 1001 2191 1060 Harvey.
2215 1001 2312 1048 See

541 1068 729 1115 Introd.
752 1084 802 1126 p.
824 1083 968 1115 xxxv.

326 1145 472 1182 1594
505 1140 666 1196 Lydijs
686 1139 849 1189 oculis:
870 1153 899 1184 a
920 1137 1040 1196 play
1061 1153 1127 1183 on
1150 1138 1354 1196 Lydia's
1385 1153 1532 1185 name
1554 1138 1654 1185 and
1682 1138 1904 1197 perhaps
1926 1153 1993 1186 on
2023 1139 2107 1185 the
2128 1140 2312 1198 phrase

460 1206 471 1214 “
538 1224 565 1249 (t
587 1208 780 1266 Lydius
803 1209 932 1266 lapis
949 1223 991 1251 ».
1015 1207 1108 1264 Cp.
1132 1225 1256 1265 2141.

323 1285 466 1322 1500
496 1279 635 1325 Solem
655 1293 675 1324 e
693 1278 852 1325 mundo
872 1278 1045 1333 tolleret,
1069 1281 1143 1334 qui
1163 1280 1323 1325 tolleret
1338 1293 1359 1325 e
1375 1280 1464 1325 vita
1484 1280 1762 1325 Pedantium.

482 1348 586 1396 Cic.
609 1349 659 1393 de
679 1350 826 1395 Amic.
848 1347 992 1395 XIII.
1015 1365 1067 1405 47
1093 1361 1103 1391 :
1128 1347 1299 1394 Solem
1316 1351 1449 1394 enim
1470 1363 1498 1393 e
1514 1347 1701 1395 mundo
1714 1348 1892 1394 tollere
1910 1348 2140 1395 videntur
2157 1353 2205 1399 ii,
2226 1354 2310 1407 qui

538 1421 809 1464 amicitiam
830 1432 858 1463 e
878 1421 980 1463 vita
1001 1418 1198 1463 tollunt.

323 1493 465 1531 1599
495 1491 590 1534 vita
617 1489 769 1545 perda.
805 1487 1122 1545 Apparently
1156 1501 1222 1533 an
1257 1487 1545 1545 etymology
1580 1486 1636 1533 of
1658 1492 1820 1545 vipera.
1859 1487 1938 1534 Sir
1977 1487 2035 1534 T.
2075 1489 2307 1540 Browne.

545 1559 721 1614 Vulgar
741 1559 929 1607 Errors,
955 1557 1050 1602 III.
1088 1565 1154 1602 16.
1177 1558 1237 1613 (q.
1254 1561 1323 1610 v.)
1353 1560 1492 1614 gives
1527 1558 1755 1610 another,
1775 1581 1831 1587 —-
1851 1572 1877 1597 «
1899 1561 2071 1615 vipera
2093 1562 2239 1614 quasi
2262 1562 2309 1603 vi

538 1632 702 1683 pariat
721 1642 762 1670 ».

322 1703 465 1741 1000
492 1700 655 1744 montes
683 1699 913 1743 monstrosi
939 1698 1113 1742 malim.
1137 1699 1184 1742 in
1213 1711 1278 1741 me
1297 1696 1494 1743 ardentes
1513 1697 1648 1752 y'ac-is.

480 1766 573 1824 Cp.
598 1768 761 1813 Plaut.
784 1769 929 1812 Mero.
947 1766 1039 1815 ΙΙΙ,
1059 1787 1099 1823 4.
1125 1773 1177 1812 32
1201 1780 1211 1811 :
1238 1766 1510 1811 Montes....
1528 1767 1648 1811 mali
1669 1770 1720 1812 in
1740 1780 1819 1811 me
1838 1765 2145 1812 ardentes....
2159 1767 2305 1822 jacis.

318 1842 459 1879 1005
490 1837 724 1882 maledictis
744 1850 926 1882 onerem.
950 1834 1042 1893 Cp.
1068 1835 1232 1882 Plaut.
1255 1836 1418 1881 Pseud.
1443 1835 1482 1881 I.
1508 1842 1532 1880 3
1555 1850 1567 1881 :
1590 1848 1746 1881 onera
1769 1836 1903 1881 hunc
1924 1835 2222 1882 maledictis.

315 1910 456 1948 1007
487 1907 753 1952 Lunaticum
774 1920 791 1950 .·
814 1920 915 1950 nam
935 1908 981 1951 tu
1000 1918 1043 1950 es
1064 1906 1198 1949 Luna
1217 1904 1277 1948 ad
1293 1919 1403 1950 eum.

477 1974 570 2031 Cp.
593 1977 765 2021 Return
780 1974 907 2031 from
937 1975 1211 2027 Parnassus,
1248 1974 1311 2018 II.
1345 1980 1369 2018 3
1403 1989 1413 2019 z
1446 1976 1604 2019 Amor.
1636 1973 1738 2020 She
1770 1978 1811 2019 is
1841 1989 1925 2031 my
1957 1974 2131 2024 Moon.
2164 1974 2186 2020 1
2216 1975 2307 2021 her

535 2044 837 2102 Endymion.
854 2045 992 2089 Acad.
1009 2044 1145 2090 No...
1161 2043 1252 2089 she
1267 2057 1384 2101 may
1396 2042 1461 2089 be
1477 2043 1565 2102 thy
1582 2044 1729 2089 Luna
1746 2043 1846 2090 and
1858 2043 1980 2090 thou
1994 2044 2085 2090 her
2099 2043 2302 2090 lunatic.

316 2119 456 2155 1015
489 2115 818 2172 confortativum
838 2115 891 2160 <3-
910 2117 1262 2160 restaurativum.

477 2183 568 2240 Cp.
592 2186 809 2230 Secretum
838 2185 1107 2231 Secretorum
1128 2184 1207 2238 (E.
1224 2183 1283 2228 E.
1300 2182 1358 2228 T.
1372 2181 1426 2235 S)
1445 2198 1455 2228 :
1473 2181 1632 2230 Good‘
1645 2187 1778 2229 wine
1797 2197 1823 2223 «
1845 2183 2093 2230 confortat
2123 2189 2304 2230 stoma-

529 2254 679 2299 chum
699 2267 742 2297 ».

477 2324 668 2378 Lodge‚
696 2323 917 2369 Rosalind
933 2322 1029 2375 (ed.
1052 2322 1296 2375 Cassells)
1316 2337 1365 2379 p.
1392 2329 1442 2367 18
1465 2337 1476 2367 z
1500 2323 1748 2366 Avicen...
1772 2321 1986 2379 forgot...
2010 2327 2062 2367 to
2083 2336 2175 2380 say
2195 2321 2303 2368 that

528 2393 648 2450 gold
669 2407 776 2438 was
798 2394 883 2437 the
903 2399 1035 2437 most
1055 2395 1288 2447 precious
1310 2395 1657 2436 restorative...
1682 2391 1737 2437 of
1752 2391 1835 2436 the
1857 2391 2008 2436 mind.

315 2467 461 2504 1093
492 2463 591 2508 finis
610 2466 672 2509 est
685 2465 962 2520 prestantior
979 2463 1037 2519 ijs
1056 2475 1150 2519 qua
1167 2461 1343 2508 suntad
1359 2461 1498 2508 finem

473 2531 670 2582 Scotus,
694 2536 740 2578 in
759 2532 901 2590 Phys.
922 2534 1070 2578 Arist
1094 2533 1236 2587 (1617)
1256 2546 1305 2587 p.
1329 2536 1449 2577 205:
1470 2531 1548 2576 Ex
1567 2530 1665 2576 hoc
1696 2533 1905 2577 sumitur
1926 2529 2062 2619 quod
2089 2529 2202 2576 finis
2224 2536 2301 2576 est

529 2601 746 2648 nobilior
766 2602 845 2647 his
867 2615 979 2658 quae
1001 2606 1117 2647 sunt
1139 2600 1203 2646 ad
1223 2600 1389 2646 finem.

473 2673 534 2716 A
554 2672 596 2717 F
598 2685 802 2721 raunce
823 2673 1021 2716 Lawiers
1036 2669 1217 2726 Logike,
1245 2675 1366 2718 1588,
1391 2684 1439 2726 p
1464 2677 1546 2715 26:
1566 2669 1650 2714 the
1671 2668 1798 2715 end
1786 2684 1827 2713 1s
1844 2683 1982 2714 more
1999 2674 2050 2714 to
2067 2668 2129 2714 be
2148 2669 2300 2714 desir-

528 2741 592 2785 ed
613 2741 733 2785 than
754 2741 899 2786 those
921 2740 1087 2795 things
1111 2740 1217 2784 that
1237 2739 1331 2783 bee
1353 2738 1573 2784 referred
1593 2745 1644 2783 to
1666 2738 1749 2783 the
1772 2738 1886 2783 end.

473 2810 782 2860 Sowernam,
806 2811 941 2856 Ester
969 2809 1073 2855 laath
1098 2809 1264 2864 hang’d
1290 2809 1624 2864 Humum-1617
1650 2820 1659 2849 :
1694 2807 1901 2853 Women
1927 2821 2064 2853 were
2094 2807 2180 2854 the
2199 2807 2298 2854 last

526 2879 714 2929 worke,
738 2879 840 2926 and
859 2878 1108 2925 therefore
1128 2879 1213 2924 the
1235 2877 1361 2927 best,
1386 2878 1486 2923 For
1508 2878 1644 2922 what
1664 2891 1772 2923 was
1800 2878 1886 2922 the
1907 2877 2022 2928 end,
2047 2876 2296 2923 excelleth

524 2949 609 2996 the
631 2955 747 2995 rest.

312 3024 455 3060 1040
485 3023 530 3064 in
551 3023 774 3076 quantum.
798 3019 890 3077 Cp.
921 3017 1123 3071 Schiitz,
1161 3017 1558 3064 Thomas-Lexicon
1582 3029 1592 3059 :
1614 3018 1886 3072 inquantum,
1918 3019 1967 3062 in
1999 3019 2074 3062 wie
2089 3014 2215 3071 feru,
2246 3016 2295 3061 in

523 3092 598 3133 wie
617 3091 724 3135 weit.

311 3162 456 3198 1048
489 3173 591 3204 nam
609 3158 742 3204 levius
776 3157 883 3214 quid
898 3160 1017 3203 vento
1032 3156 1233 3203 Pmulier.
1258 3155 1366 3212 quid
1380 3155 1557 3201 muliere
1572 3155 1594 3200 Ρ
1608 3154 1731 3201 nihil.

469 3226 559 3284 Cp.
583 3230 756 3273 Return
761 3227 889 3283 from
907 3227 1168 3272 Parnassus
1186 3239 1234 3271 v.
1261 3242 1299 3270 1.
1325 3231 1432 3282 1416
1463 3236 1473 3266 :
1505 3223 1638 3270 True
1668 3227 1705 3269 it
1733 3227 1777 3270 is
1806 3224 1915 3269 that
1943 3222 2103 3278 Virgil
2131 3222 2291 3269 saithe

526 3296 659 3355 Quid
680 3297 852 3353 pluma
872 3296 1033 3341 levius
1052 3299 1067 3340 ?
1087 3294 1313 3340 Flamen.
1333 3293 1466 3354 Quid
1481 3294 1681 3339 flamine
1696 3297 1711 3338 ?
1726 3298 1905 3339 ventus
1925 3307 1935 3337 ι
1956 3291 2088 3351 Quid
2108 3296 2292 3337 vento?

524 3365 701 3411 mulier
721 3378 731 3408 :
751 3364 871 3420 quid
888 3365 1131 3410 muliere?
1150 3363 1289 3409 nihil.

469 3435 519 3478 N
523 3438 606 3480 otes
627 3435 679 3478 <3-
700 3436 896 3494 Queries,
922 3434 1007 3479 3rd
1026 3433 1135 3479 Ser.
1157 3433 1218 3477 X.
1245 3449 1323 3489 140
1342 3435 1482 3488 gives
1513 3431 1640 3477 stom
1661 3431 1805 3477 Harl.
1830 3429 1976 3477 MSS.
2000 3437 2108 3478 3362
2128 3429 2213 3476 fol.
2236 3445 2288 3487 47
2369 3422 2419 3483 ἦ,

523 3505 631 3554 (152b
655 3507 881 3561 century)
903 3503 1041 3548 what
1060 3506 1102 3548 is
1125 3501 1423 3560 apparently
1454 3515 1519 3547 an
1549 3500 1689 3546 older
1718 3499 1844 3546 form
1874 3499 1929 3544 of
1952 3500 2036 3544 the
2068 3498 2249 3545 distich
2274 3514 2285 3545 :

525 3572 692 3618 Vento
713 3574 833 3628 quid
852 3573 1014 3618 levius
1033 3572 1229 3628 ?fulgur
1246 3586 1258 3618 z
1278 3570 1398 3627 quid
1413 3569 1606 3627 fulgure
1625 3573 1640 3614 ?
1656 3570 1871 3615 flamma.
1889 3569 1931 3614 F
1932 3569 2119 3614 lamma
2140 3567 2288 3623 quid?

523 3641 701 3687 mulier
724 3657 733 3686 :
757 3642 878 3698 quid
897 3642 1104 3688 muliere
1124 3644 1139 3685 ?
1157 3640 1296 3686 nihil.

467 3708 566 3756 See
587 3708 742 3756 Skeat
761 3725 828 3757 on
847 3710 1095 3764 Chaucer‚
1117 3710 1247 3756 Cant.
1276 3709 1403 3755 Tales
1423 3710 1481 3754 Β.
1504 3724 1629 3764 2²97·

2360 3926 2400 4140 fflssffff-*vae
2379 3761 2409 3882 *un-,Qffiv
2395 3722 2408 3738 k
2392 3645 2394 3647 v
2395 3580 2416 3621 ³⁸:

2435 3171 2438 3178 -
2423 3033 2444 3079 n)
2431 2998 2436 3005 -
2420 2606 2444 2984 ,iz-,vssszmz-,mmfflfflmffmss
2430 2470 2444 2546 imm...
2439 2422 2444 2428 .
2436 2295 2444 2409 1....
2443 2243 2444 2246 „
2441 2226 2444 2228 .
2442 2198 2444 2201 .
