2444 4140
1950 405 2016 488 9i

216 585 361 617 conv.
403 572 444 617 C
483 597 539 604 —-
572 575 719 615 1083
750 571 1107 630 principaliter]
1142 572 1499 628 principialiter
1530 571 1570 616 P
1613 596 1668 602 —
1703 576 2018 613 1083-1084

216 641 570 697 Magistraliter
601 641 863 697 facundus]
899 645 1134 698 magister
1167 644 1526 686 maturissimus
1557 641 1598 686 C
1616 665 1672 671 -
1697 646 1843 681 1084
1873 639 2018 694 vrsae]

213 723 330 754 vrsa
351 709 391 754 C
411 733 466 739 —
492 716 638 751 1080
660 725 800 766 aeque
823 710 914 765 est]
947 717 1022 755 est
1052 724 1194 766 aeque
1216 710 1256 755 C
1275 734 1331 740 —
1350 709 1426 764 ac]
1450 716 1597 765 atque
1629 709 1669 755 C
1688 733 1744 739 --
1769 714 1914 750 1087
1945 722 2020 753 se-

214 777 431 823 cundum
465 778 780 835 Pythagoram]
814 779 966 823 desunt
998 778 1038 824 C
1066 802 1122 808 -
1157 784 1306 819 1088
1346 778 1493 833 enim]
1525 783 1707 823 etenim
1737 778 1776 823 C
1796 801 1852 808 —
1878 782 2020 819 1092

214 846 313 901 vix]
335 850 418 890 vix
437 847 616 903 dignus
638 847 679 892 C
698 871 754 878 -—-
778 853 920 889 1094
943 851 1092 903 eripis
1120 846 1352 902 animam]
1384 862 1465 892 an.
1497 850 1647 905 eripis
1669 847 1709 892 C
1727 871 1783 877 —
1810 851 1949 887 1095
1980 846 2021 890 &

212 914 389 964 furti&
409 915 676 971 sacrilegij]
698 930 752 961 es
773 915 905 968 furti,
929 916 1174 972 sacrilegij
1205 916 1246 962 C
1274 940 1330 946 ——
1365 922 1506 957 1090
1536 917 1628 966 &,..
1660 915 1732 970 es]
1762 913 2011 970 homicidij

214 998 300 1028 rea
321 983 362 1028 C
381 1007 436 1014 -
462 989 778 1026 1102-1103
810 988 873 1029 sit
901 984 1147 1042 Pedantij]
1180 985 1419 1040 Paedantij
1459 988 1520 1029 sit
1550 984 1590 1030 C
1609 1008 1665 1015 —
1700 988 2018 1026 1103-1105

215 1055 352 1107 qui...
375 1052 468 1108 est]
490 1052 552 1098 de
574 1067 674 1109 quo
696 1054 863 1109 quoad
882 1053 1210 1098 humilitatem
1231 1056 1381 1098 animi
1409 1068 1526 1098 vere
1559 1053 1656 1098 dici
1686 1059 1849 1109 potest
1868 1052 2020 1109 (quod

215 1120 498 1166 sublunaris
520 1127 611 1175 est,
635 1122 725 1167 sed
753 1122 889 1179 quod
919 1122 982 1167 ad
1015 1128 1146 1167 artes
1178 1125 1366 1173 attinet)
1396 1122 1765 1177 supercoelestis
1798 1126 1874 1166 est
1906 1121 1947 1165 P
1966 1144 2022 1150 —-

220 1195 248 1231 1
262 1195 289 1231 1
304 1195 331 1230 1
345 1195 372 1230 1
397 1189 623 1245 verbulo]
645 1190 800 1236 verbo
821 1190 862 1236 C
881 1214 936 1221 —
956 1190 1158 1246 instilla]
1189 1191 1398 1236 instilles
1422 1190 1462 1235 C
1482 1215 1537 1220 —
1563 1196 1589 1231 1
1604 1197 1631 1231 1
1646 1196 1713 1232 10
1735 1189 1937 1246 ingenij]
1954 1194 2023 1235 in-

214 1259 343 1314 genij
366 1262 465 1303 mei
496 1258 538 1303 C
556 1282 612 1289 —
640 1259 900 1317 despicere
936 1259 1104 1314 stulta]
1140 1260 1290 1304 stulta
1310 1259 1451 1315 desp.
1484 1259 1524 1304 C
1554 1283 1609 1289 —
1644 1265 1794 1300 1117
1826 1258 2020 1314 Dicam]

215 1327 392 1371 Dicam
421 1330 591 1384 itaque
620 1327 661 1373 C
680 1352 735 1359 —
765 1334 918 1370 1118
952 1329 1184 1374 deliraret
1212 1327 1387 1384 magis]
1403 1342 1533 1384 mag.
1566 1328 1663 1372 del.
1696 1327 1736 1373 C
1764 1351 1820 1358 —
1853 1333 2022 1369 1122-

221 1402 248 1437 1
263 1401 368 1437 124
389 1402 549 1440 tum...
569 1396 676 1452 ens]
697 1397 849 1442 desunt
865 1399 905 1442 P
926 1422 982 1428 —
1008 1403 1035 1439 1
1049 1403 1153 1439 125
1184 1397 1322 1452 vero]
1338 1397 1502 1442 deestC
1530 1421 1586 1427 —-
1605 1396 1760 1452 amor]
1776 1397 1886 1442 deest
1906 1398 1946 1442 P
1967 1420 2023 1426 —

219 1469 366 1506 1120
388 1465 470 1520 an]
493 1479 652 1510 necne
674 1480 739 1511 an
760 1466 800 1512 C
819 1489 876 1497 -—
900 1472 927 1507 1
943 1472 1048 1508 133
1069 1465 1235 1521 istum]
1266 1466 1406 1511 illum
1436 1465 1476 1511 C
1505 1490 1560 1496 —
1595 1472 1622 1510 1
1637 1471 1742 1507 134
1772 1465 1853 1511 hic
1882 1465 2018 1521 quid]

213 1533 346 1578 hunc
382 1537 466 1589 qui
500 1533 542 1579 C
574 1558 631 1565 ——
659 1548 738 1580 ars
774 1535 962 1590 nostra]
993 1542 1149 1580 artem
1180 1541 1402 1580 nostram
1431 1535 1472 1580 C
1498 1559 1554 1565 —
1588 1540 1911 1576 1134-1130
1941 1534 2022 1579 hie

213 1617 425 1647 vanus...
466 1603 692 1659 audierit]
727 1604 809 1649 hic
844 1604 972 1649 adeo
1006 1618 1164 1648 vanus
1201 1611 1278 1649 est
1309 1609 1365 1648 ut
1399 1617 1511 1648 cum
1544 1603 1756 1649 audierit
1785 1602 1940 1648 semel
1966 1625 2022 1631 ——

220 1677 247 1712 1
261 1677 365 1713 137
387 1672 682 1728 obtinuisse]
704 1675 780 1717 sui
800 1686 1070 1717 memorem
1092 1672 1193 1717 obt.
1217 1672 1257 1717 C
1276 1696 1332 1702 —
1367 1678 1394 1713 1
1408 1678 1576 1713 138-1
1590 1677 1694 1712 139
1714 1671 1913 1717 facile...
1937 1670 2021 1716 do·

212 1740 333 1795 lum]
354 1756 507 1796 quum
528 1756 583 1786 se
604 1744 781 1796 quovis
803 1741 1006 1796 dignum
1037 1741 1242 1796 deputet
1262 1741 1302 1786 C
1321 1764 1377 1771 ——
1402 1747 1429 1782 1
1443 1746 1549 1781 142
1578 1739 1822 1795 cognitus]
1854 1743 2022 1795 cogni·

212 1814 291 1854 tas
314 1810 355 1854 P
374 1833 430 1840 ——
456 1816 482 1851 1
498 1815 602 1851 140
623 1810 718 1855 hac
739 1809 927 1865 tunica]
962 1813 1132 1855 tunica
1161 1810 1257 1855 hac
1288 1809 1328 1855 C
1348 1834 1404 1840 —
1428 1816 1455 1851 1
1470 1815 1573 1851 147
1606 1809 1746 1864 nihil]
1776 1809 1899 1854 nihil
1927 1823 2025 1854 me·
2106 1851 2110 1856 .

213 1879 452 1923 tuendum
472 1878 512 1924 C
531 1902 587 1909 -
612 1884 640 1920 1
654 1884 762 1920 148
786 1878 967 1935 praedae
985 1878 1100 1934 eris]
1121 1878 1289 1935 predae
1308 1880 1419 1930 Pv—
1435 1882 1513 1923 eia
1531 1877 1696 1935 igitur]
1718 1882 1863 1934 igitur
1884 1882 1962 1923 eia
1982 1878 2023 1923 C

214 1971 269 1976 ——
295 1953 322 1988 1
336 1953 441 1989 149
461 1961 627 1993 mores
647 1962 788 1993 meos
809 1947 1068 2003 venustos]
1098 1962 1211 1993 ven.
1247 1962 1369 1993 mor.
1392 1962 1531 1993 meos
1563 1947 1603 1993 C
1622 1972 1677 1978 —-
1703 1953 1729 1988 1
1745 1952 1850 1988 150
1871 1947 2023 1992 athle-

213 2015 382 2071 ticum]
408 2019 599 2072 regium
620 2015 662 2062 C
680 2040 737 2047 —
762 2022 789 2057 1
803 2022 909 2058 152
929 2015 1249 2071 ventriosam]
1271 2020 1604 2061 ventricosam
1635 2017 1675 2060 P
1702 2023 1962 2060 ventosam
1982 2014 2023 2061 C

214 2108 270 2114 —
302 2084 650 2140 proculdubio]
685 2085 1036 2141 proculdulbio
1067 2086 1107 2129 P
1136 2109 1192 2115 -—
1231 2091 1258 2126 1
1273 2090 1376 2126 155
1412 2084 1551 2140 tibia]
1593 2084 1682 2129 tibi
1715 2084 1756 2129 C
1783 2108 1839 2114 —-
1875 2091 1902 2125 1
1916 2089 2020 2125 157

217 2153 454 2208 summos]
474 2157 639 2210 regios
660 2153 701 2199 C
719 2178 775 2184 —
802 2159 950 2195 1158
983 2153 1271 2212 perductus]
1300 2154 1571 2210 productus
1605 2155 1644 2198 P
1671 2178 1726 2184 -—
1761 2159 1907 2194 1100
1938 2167 2020 2198 cu-

215 2221 378 2277 datur]
413 2228 730 2268 convertatur
760 2222 801 2268 C
828 2247 884 2253 —-
921 2229 948 2264 1
962 2229 1066 2264 101
1104 2222 1398 2278 disciplinae]
1428 2223 1664 2268 doctrinae
1700 2222 1740 2267 C
1781 2245 1836 2254 —-
1875 2228 1902 2263 1
1917 2227 2020 2263 103

217 2290 420 2347 aggredi
450 2290 719 2347 hominem]
749 2291 883 2336 hom.
907 2305 1018 2348 agg.
1043 2291 1083 2336 C
1103 2315 1157 2322 -—
1183 2297 1330 2332 1100
1360 2306 1525 2336 eum...
1555 2290 1867 2349 Alchymice]
1897 2297 2019 2336 trac·

215 2359 333 2405 tabo
366 2373 479 2404 eum
514 2359 845 2405 essentialiter
879 2363 1000 2406 satis
1034 2360 1075 2405 C
1103 2383 1159 2390 —
1193 2366 1339 2401 1109
1369 2359 1522 2415 illico]
1556 2360 1693 2406 illico
1723 2375 1784 2404 ex
1814 2374 1869 2405 se
1899 2359 1939 2404 C
1968 2382 2023 2390 —-

222 2434 250 2469 1
264 2433 369 2469 171
394 2428 520 2483 Exit]
541 2428 652 2473 deest
670 2428 711 2474 C
729 2453 785 2459 —
819 2435 847 2470 1
861 2434 1026 2470 177-1
1040 2435 1147 2470 178
1171 2429 1466 2474 stomachi...
1488 2428 1701 2484 furnum]
1724 2435 1936 2484 quantus
1959 2432 2023 2473 sit

219 2497 463 2542 stomachi
491 2501 647 2542 nostri
678 2497 814 2542 calor
835 2497 875 2542 C
894 2522 950 2527 —
975 2503 1003 2538 1
1018 2503 1124 2538 178
1150 2496 1299 2552 Nam]
1321 2500 1405 2552 qui
1428 2497 1467 2542 C
1487 2520 1543 2527 —-
1567 2503 1714 2538 1179
1741 2497 2020 2552 absumere]

217 2565 324 2610 abs.
348 2568 399 2609 in
428 2565 638 2610 nihilum
658 2565 699 2610 C
717 2589 772 2596 —
798 2572 826 2607 1
840 2572 949 2607 184
972 2565 1112 2621 Itan’]
1136 2566 1268 2611 Haw
1298 2565 1338 2611 C
1366 2566 1448 2617 (the
1476 2566 1647 2610 scribe's
1665 2566 1948 2620 misreading)
1966 2589 2022 2596 -—

218 2640 293 2679 est
311 2633 425 2689 hoc]
447 2634 544 2679 hoc
561 2640 636 2678 est
653 2633 693 2679 C
708 2658 764 2664 -—-
785 2641 812 2676 1
827 2640 936 2675 180
959 2634 1122 2691 caepit]
1143 2638 1275 2692 cepit
1296 2634 1336 2679 C
1356 2658 1411 2664 —-
1432 2640 1459 2675 1
1474 2640 1581 2675 187
1600 2634 1759 2690 quus]
1778 2636 1919 2690 cujus
1936 2635 2021 2679 ille

217 2702 331 2748 C—
357 2708 507 2744 1189
538 2702 711 2760 prosit]
742 2707 900 2760 prosit
936 2711 1047 2760 post
1077 2702 1117 2748 C
1146 2727 1202 2733 ——
1238 2708 1385 2744 1192
1411 2717 1543 2747 me...
1575 2703 1787 2758 Currum]
1822 2718 1924 2748 non
1957 2704 2022 2748 ad

217 2785 413 2817 currum
432 2779 603 2817 natum
619 2771 659 2816 C
674 2796 729 2801 —
750 2778 778 2812 1
793 2777 897 2812 194
914 2771 1183 2826 confluant]
1206 2771 1461 2816 confluunt
1477 2771 1516 2816 C
1531 2795 1587 2801 --
1612 2778 1639 2813 1
1654 2777 1756 2813 195
1780 2772 2020 2828 exierunt]

217 2840 505 2895 prodierunt
526 2842 565 2885 P
581 2864 636 2870 —
657 2845 798 2882 1203
819 2841 955 2893 (audi
974 2844 1025 2885 in
1046 2840 1250 2896 aurem)]
1273 2842 1424 2885 desunt
1455 2840 1494 2885 C
1509 2864 1563 2870 ——
1590 2846 1729 2882 1205
1753 2842 2021 2898 enimvero]

218 2908 327 2953 deest
341 2908 381 2954 C
396 2933 451 2939 —-
472 2913 612 2950 1207
630 2908 996 2965 sententiolam]
1018 2916 1142 2954 sent.
1167 2923 1369 2954 auream
1389 2909 1428 2955 C
1448 2933 1503 2940 —
1529 2913 1844 2951 1208-1209
1874 2910 2021 2956 video

218 2976 315 3032 me]
335 2977 507 3023 videor
528 2977 567 3022 C
587 3001 643 3008 -
668 2983 814 3019 1213
836 2992 948 3023 esse
968 2978 1236 3033 hominem]
1257 2978 1388 3023 hom.
1414 2993 1524 3022 esse
1546 2978 1586 3022 C
1605 3001 1660 3008 —-
1686 2983 1831 3020 1214
1853 2978 1909 3033 &]
1937 2985 2022 3024 aut

151 3059 163 3066 ‘
220 3045 323 3090 C—
337 3051 482 3087 1210
503 3046 830 3092 verecundior
846 3046 956 3101 sim]
980 3050 1073 3091 sim
1088 3061 1190 3091 ver.
1209 3046 1315 3092 C—
1330 3052 1433 3088 121
1445 3052 1648 3087 8-1220
1665 3047 1857 3103 cujus...
1872 3061 2021 3102 pene-

218 3113 380 3169 travit]
397 3129 546 3171 quem
561 3121 770 3172 propter·
779 3116 1124 3161 excellentiam
1138 3119 1190 3160 in
1205 3122 1309 3160 arte
1332 3115 1537 3160 laudant
1561 3130 1732 3160 omnes
1750 3115 1790 3160 C
1803 3138 1859 3145 —-
1880 3121 2021 3156 1222

219 3183 407 3238 posset]
434 3187 594 3240 possit
615 3185 655 3229 P
675 3208 732 3214 —
763 3189 905 3226 1229
927 3184 1365 3239 tractaturumque]
1400 3191 1719 3230 tractaturum
1740 3184 1780 3229 C
1799 3208 1855 3214 -—
1879 3190 2021 3225 1230

220 3251 523 3308 opitularier]
553 3254 786 3310 opitulari
816 3253 857 3299 C
875 3277 930 3284 —
956 3259 1098 3295 1230
1128 3260 1276 3309 agent
1306 3252 1586 3308 altissimas]
1618 3254 1701 3298 alt.
1726 3259 1874 3308 agent
1908 3252 1948 3297 C
1966 3276 2022 3282 —

227 3323 367 3360 1237
398 3320 653 3377 (inquam)]
686 3322 908 3377 (inquam
939 3323 978 3367 P
1008 3346 1063 3353 -
1097 3324 1240 3364 1244
1269 3321 1406 3378 velit]
1440 3322 1575 3367 volet
1608 3321 1649 3367 C
1677 3344 1732 3352 -—
1766 3327 1906 3363 1240
1943 3320 2021 3377 sit]
