2444 4140
158 574 241 618 hic
260 574 411 619 adero
431 572 473 619 C
490 596 545 604 —
564 577 706 614 2411
728 572 862 629 dum]
882 576 1076 619 interim
1095 574 1212 619 dum
1231 573 1273 619 C
1289 598 1345 605 —-
1363 579 1507 616 2412
1527 573 1664 630 quid]
1685 573 1819 630 quod
1839 573 1880 620 C
1903 597 1959 604 —

159 646 303 684 2412
322 642 649 699 pensumque]
670 657 1034 699 personamque
1056 644 1097 688 P
1119 667 1175 673 ——
1202 648 1345 684 2410
1374 643 1590 700 optimae]
1619 647 1803 700 optime
1835 644 1875 687 P
1904 665 1960 673 —

159 715 302 752 2422
324 710 383 766 si]
405 714 447 755 si
466 715 561 755 isto
583 710 623 756 C
641 734 697 742 —-
715 710 892 766 beasti]
914 712 1144 767 equidem
1158 712 1317 756 beasti
1333 712 1373 758 C
1388 736 1443 743 -
1462 717 1605 754 2424
1625 715 1958 767 institutisque

158 781 274 835 tuis]
308 781 458 824 desunt
490 779 530 826 C
561 803 618 811 —-
649 785 792 821 2420
825 779 967 835 meae]
1002 793 1122 825 meae
1151 784 1488 836 gravissimum
1509 780 1550 827 C
1568 804 1623 812 -—-
1644 785 1959 823 2427-2428

158 850 331 893 Serio...
367 848 481 904 hoc]
513 864 612 905 quo
646 852 697 893 in
727 848 768 894 C
795 873 851 879 —
869 854 1013 890 2430
1033 850 1290 905 gravidum
1309 849 1676 906 pregnansque]
1696 850 1899 906 plenum
1919 848 1961 895 C

159 941 213 948 —
248 922 394 959 2435
431 919 708 974 plaustrum
742 918 1055 973 ineptiarum]
1090 926 1319 974 quantam
1351 920 1499 963 vultis
1535 920 1790 963 stultitiam
1829 919 1870 964 C
1906 941 1962 948 -

159 991 302 1027 2430
323 985 416 1041 est]
438 987 547 1030 deest
564 986 606 1032 C
624 1010 679 1016 —
699 1000 758 1031 ac
779 986 1173 1042 Imperatorium]
1193 988 1343 1032 desunt
1360 987 1401 1033 C
1419 1011 1475 1018 —-
1502 992 1808 1029 2443-2444
1827 986 1961 1031 vel...

161 1053 437 1109 sublimius]
458 1055 607 1099 desunt
626 1054 667 1100 C
685 1078 740 1086 ——
759 1060 901 1096 2445
923 1055 1201 1112 tantopere]
1222 1062 1481 1112 tantopore
1504 1057 1544 1100 P
1560 1079 1614 1086 —
1633 1061 1775 1097 244?
1796 1059 1961 1112 potius

159 1123 549 1178 exprimendum]
579 1138 690 1179 exp.
722 1130 823 1179 pot.
856 1123 896 1169 C
924 1147 980 1154 -
1004 1129 1147 1165 2454
1168 1124 1352 1182 Quid...
1373 1125 1439 1169 ha
1463 1126 1493 1176 !]
1513 1125 1663 1169 desunt
1681 1123 1722 1170 C
1740 1147 1796 1155 —
1813 1129 1957 1165 2401

158 1194 309 1244 (tua...
334 1191 664 1247 authoritate)]
685 1197 836 1244 (tuam
855 1197 1021 1248 magni
1039 1197 1288 1238 aestimans
1305 1194 1669 1245 authoritatem)
1685 1192 1726 1238 C
1739 1216 1794 1223 —-
1812 1196 1958 1234 2405

159 1260 289 1315 raro]
312 1266 397 1305 aut
414 1275 526 1306 raro
548 1261 589 1306 C
618 1284 673 1292 —
694 1266 837 1302 2409
860 1262 1169 1316 particulam]
1190 1262 1551 1317 portiunculam
1572 1261 1613 1307 C
1630 1285 1685 1291 —
1704 1266 1848 1303 2470
1869 1261 1963 1312 Ita]

161 1329 243 1374 Sic
265 1329 305 1374 C
323 1352 380 1360 —
398 1335 540 1371 2475
564 1329 729 1385 etiam]
752 1334 900 1374 etiam
919 1331 1188 1386 aliquando
1209 1329 1250 1376 C
1263 1354 1318 1361 —
1333 1335 1476 1372 2470
1497 1334 1548 1374 in
1566 1329 1794 1374 manibus
1815 1329 1966 1374 habe-

161 1397 288 1453 mus]
309 1398 424 1443 hab.
447 1402 498 1442 in
517 1413 649 1443 man.
673 1398 714 1444 C
732 1422 787 1429 —
806 1404 948 1440 2477
964 1399 1097 1443 vel...
1115 1397 1276 1453 tertia]
1293 1399 1442 1443 desunt
1456 1398 1497 1444 C
1510 1422 1566 1429 —
1579 1403 1722 1440 2480
1738 1397 1967 1452 addatur]

162 1467 357 1511 additur
378 1466 419 1512 C
432 1490 488 1498 —
502 1472 645 1508 2482
667 1468 758 1512 &...
782 1467 947 1522 etiam]
965 1471 1111 1511 etiam
1133 1468 1173 1511 δε
1193 1468 1362 1523 lingua
1383 1474 1496 1511 sunt
1515 1466 1557 1513 C
1575 1491 1631 1497 —
1649 1471 1964 1509 2483-2484

164 1536 329 1580 Eho...
366 1535 595 1592 Lydiam]
631 1536 781 1580 desunt
807 1535 848 1581 C
876 1559 932 1567 —
962 1541 1106 1577 2485
1138 1536 1198 1591 ijs
1229 1535 1429 1590 diutius]
1461 1536 1641 1580 diutius
1671 1539 1723 1579 in
1752 1536 1812 1590 ijs
1843 1535 1884 1580 C
1911 1558 1966 1565 -

164 1603 475 1661 Calepinum]
506 1604 821 1661 Callepinum
852 1605 892 1649 P
915 1628 971 1636 -
989 1610 1136 1646 2480
1158 1608 1294 1660 qui..·.
1318 1605 1666 1661 pulcherrima]
1686 1605 1836 1648 desunt
1853 1602 1894 1656 C
1912 1627 1967 1634 -

164 1678 305 1714 2487
338 1672 646 1728 satisfecerit]
678 1673 949 1718 satisfaciat
979 1673 1020 1719 C
1037 1697 1093 1704 —-
1115 1678 1435 1715 2401-2402
1454 1675 1606 1717 Par...
1629 1671 1800 1727 Recte]
1821 1673 1971 1717 desunt

166 1741 207 1787 C
226 1766 280 1771 —
299 1747 441 1782 2403
463 1741 619 1797 erant]
642 1747 784 1787 erunt
805 1743 845 1787 P
865 1766 921 1772 —
939 1741 1268 1796 2495-2407]
1291 1742 1465 1786 Inde...
1490 1740 1800 1798 superamus]
1822 1741 1971 1785 desunt

166 1810 205 1855 C
225 1834 280 1840 -
299 1815 447 1852 2500
467 1811 549 1855 vel
567 1810 755 1866 laudat]
776 1811 947 1855 laudat
967 1810 1008 1856 C
1026 1834 1082 1842 —-
1101 1816 1242 1852 2501
1266 1809 1619 1867 Metonymice]
1650 1810 1969 1854 Metonimice

167 1886 207 1932 C
227 1911 280 1917 —
300 1891 442 1928 2503
464 1886 840 1942 periphrastice]
862 1888 1252 1943 periphrasticwc
1273 1886 1315 1932 C
1332 1911 1388 1917 —
1406 1892 1549 1928 2504
1569 1885 1703 1940 Pan]
1723 1887 1839 1930 Pra.
1860 1886 1900 1930 P
1917 1908 1972 1916 —

167 1969 309 2005 2508
345 1962 548 2018 diceret]
583 1963 799 2008 dicerem
833 1964 874 2008 P
904 1987 959 1994 —
986 1969 1298 2005 2517-2518
1330 1965 1449 2017 (ut...
1472 1961 1670 2017 omnia)]
1691 1962 1840 2007 desunt
1858 1961 1899 2007 C
1916 1984 1973 1992 —-

168 2038 311 2073 2520
332 2046 442 2076 esse
462 2034 638 2087 possit]
659 2038 823 2088 potest
845 2047 957 2077 esse
978 2032 1018 2078 C
1033 2057 1089 2062 —
1103 2038 1245 2074 2524
1261 2034 1626 2084 laureatissimi]
1642 2033 1971 2077 laureatssimi

171 2102 211 2145 P
234 2125 286 2131 —
305 2105 610 2142 2522-2525
642 2102 731 2145 sed
759 2116 961 2145 vnum...
991 2103 1176 2157 lingua]
1197 2117 1313 2146 nam
1334 2106 1375 2146 si
1395 2102 1476 2146 vel
1494 2102 1678 2155 laurus,
1701 2102 1782 2146 vel
1800 2102 1972 2145 laurea

171 2184 280 2224 quae
303 2170 479 2215 dicitur
498 2176 726 2225 tanquam
746 2170 927 2214 laudea
946 2171 1028 2215 vel
1047 2172 1254 2215 laureati
1282 2171 1364 2215 vel
1396 2170 1613 2215 lauriferi
1647 2170 1728 2214 vel
1761 2169 1973 2214 baccha-

170 2239 326 2282 laurei
343 2253 455 2282 cum
470 2239 639 2294 lingua
655 2238 696 2284 C
710 2262 765 2270 —
784 2244 925 2280 2527
942 2238 1044 2294 ille]
1061 2240 1170 2283 deest
1184 2239 1224 2284 C
1243 2264 1298 2268 —
1309 2244 1619 2280 2527-2528
1634 2239 1762 2283 Tu...
1776 2238 1971 2283 naufra-

172 2307 322 2362 gium]
339 2307 487 2351 desunt
500 2306 541 2352 C
552 2331 608 2337 —-
619 2312 762 2349 2534
780 2307 1007 2363 Pedanti]
1024 2308 1133 2353 deest
1148 2307 1188 2354 C
1202 2332 1254 2338 -
1269 2313 1412 2349 2530
1428 2309 1538 2352 deest
1555 2307 1596 2353 C
1609 2331 1664 2338 —-
1678 2312 1819 2348 2537
1838 2307 1970 2351 Ne...

174 2375 390 2430 quidem]
410 2381 463 2419 tu
484 2391 547 2419 ne
568 2379 816 2430 respicere
842 2375 884 2421 C
905 2400 959 2407 —
981 2381 1123 2417 2538
1144 2391 1315 2432 quaeso
1335 2378 1556 2432 ignosce]
1577 2380 1779 2432 ignosce
1804 2388 1972 2430 quaeso

174 2444 214 2490 C
231 2468 285 2474 ——
300 2449 442 2486 2530
458 2443 576 2499 non]
593 2450 640 2488 te
656 2459 758 2490 non
779 2443 819 2490 C
838 2469 893 2475 —
912 2450 1055 2486 2540
1069 2459 1161 2490 nos
1186 2444 1216 2499 ?]
1237 2459 1328 2490 nos
1351 2445 1392 2489 P
1412 2468 1467 2475 —
1486 2449 1627 2486 2541
1650 2445 1794 2495 hostis]
1815 2444 1972 2488 hostis

176 2528 284 2557 sum
306 2513 346 2559 C
364 2537 419 2544 —
439 2517 582 2554 2542
603 2513 787 2568 apud...
811 2512 945 2568 olim]
967 2514 1084 2558 olim
1105 2514 1238 2570 apud
1259 2516 1489 2568 antiquos
1510 2512 1551 2558 C
1570 2535 1623 2544 —·
1652 2517 1796 2554 2548
1820 2509 1972 2566 adsis]

176 2586 242 2626 sis
261 2581 302 2627 C
320 2606 375 2612 —
394 2586 537 2622 2554
559 2581 870 2638 semperque]
893 2596 1088 2636 semper
1109 2581 1149 2627 C
1175 2605 1232 2612 —
1259 2586 1400 2622 2555
1432 2580 1671 2635 contueri]
1698 2583 1975 2625 contuerier

177 2651 216 2696 C
236 2674 290 2682 —
309 2655 620 2692 2557-2550
641 2650 881 2694 vultum...
905 2650 1020 2705 alia]
1040 2651 1191 2694 desunt
1208 2649 1248 2695 C
1267 2674 1322 2680 —
1336 2655 1478 2691 2500
1495 2649 1702 2704 adferre]
1719 2648 1897 2694 adferri
1914 2649 1972 2693 P.

178 2721 352 2764 afferre
374 2719 414 2765 C
433 2743 488 2749 —
507 2724 650 2761 2502
670 2719 799 2763 Tu...
823 2718 1024 2773 Parille]
1046 2724 1097 2762 tu
1118 2722 1215 2763 iam
1237 2719 1494 2774 ingredere
1524 2717 1564 2763 C
1592 2741 1647 2748 —-
1666 2722 1973 2758 2507·2030

177 2789 383 2833 Vides...
415 2787 537 2843 scio]
566 2787 762 2832 Paedant.
785 2786 929 2832 Certe
951 2787 1208 2832 difficulter
1229 2787 1493 2832 admodum
1515 2791 1697 2842 scripta
1717 2791 1841 2831 enim
1862 2792 1976 2831 sunt

176 2861 246 2901 vti
266 2857 404 2901 vides
425 2860 603 2912 raptim
624 2862 672 2900 et
690 2857 1012 2912 negligenter.
1034 2858 1092 2900 M
1094 2870 1176 2900 ere.
1202 2857 1436 2911 Perlegas
1466 2869 1636 2910 quaeso
1665 2855 1756 2899 has
1787 2869 1973 2910 paucas

178 2926 484 2970 lineas-Poed.
501 2925 577 2970 Tu
592 2940 694 2970 non
709 2931 854 2982 putas
871 2939 948 2969 me
965 2939 1115 2981 posse
1131 2925 1296 2980 legere
1320 2928 1335 2967 ?
1353 2927 1411 2969 M
1412 2939 1495 2968 ere.
1515 2925 1620 2968 Imo
1638 2927 1741 2968 scio
1762 2930 1809 2968 te
1826 2926 1974 2968 etiam

179 2995 453 3048 intelligere
475 3008 625 3049 posse
647 2994 687 3039 C
706 3017 761 3026 -—-
780 2998 922 3034 2574
944 2993 1246 3045 Officiorum]
1281 2994 1551 3038 officiorum
1573 2993 1627 3036 P.
1650 3016 1704 3023 —
1724 2997 1870 3034 2584
1891 2991 1976 3036 ob-

180 3062 566 3117 murmurabant]
576 3062 1012 3107 obmumurrabant
1022 3063 1202 3106 Ρ-20
1212 3068 1281 3102 10
1293 3064 1349 3106 In
1356 3063 1474 3116 place
1485 3061 1536 3117 of
1539 3063 1604 3105 the
1615 3061 1764 3105 second
1776 3060 1827 3106 S.
1844 3060 1896 3105 S.
1915 3060 1973 3104 P.

182 3145 238 3174 we
267 3131 370 3175 have
399 3130 450 3176 S.
481 3131 531 3176 S.
563 3131 614 3176 S.
645 3134 690 3175 in
721 3131 761 3175 P
782 3131 900 3174 while
920 3134 965 3174 in
995 3129 1036 3175 C
1063 3131 1294 3183 (asstated
1317 3130 1458 3182 above)
1487 3131 1552 3174 the
1581 3129 1706 3173 whole
1727 3133 1911 3184 passage
1938 3130 1977 3171 is

183 3202 384 3253 wanting.
416 3202 461 3243 It
483 3214 612 3243 seems
640 3199 752 3243 clear
767 3198 890 3255 from
920 3200 985 3243 the
1013 3202 1174 3243 context
1200 3200 1291 3243 that
1318 3214 1374 3242 we
1401 3199 1552 3243 should
1573 3199 1679 3242 read
1696 3197 1746 3245 S.
1770 3197 1820 3242 S.
1845 3198 1902 3241 P.
1922 3220 1977 3228 —

184 3271 326 3307 2028
360 3266 586 3323 Virgilio]
621 3267 811 3323 Vrgilio
847 3268 904 3312 Ρ.
934 3290 989 3297 -
1022 3271 1329 3308 2038-2053
1365 3267 1466 3312 Sed
1500 3281 1644 3323 ego...
1685 3264 1795 3322 age]
1833 3267 1891 3310 M
1892 3279 1977 3310 erc.

187 3335 319 3391 Ergo
352 3349 415 3380 ne
450 3342 612 3393 putem
645 3343 693 3380 te
727 3336 992 3392 negligere,
1024 3337 1134 3391 lege
1165 3336 1389 3385 obsecro,
1412 3337 1646 3392 intellige,
1670 3336 1824 3380 solve.
1856 3334 1896 3380 C
1924 3356 1980 3365 —
