2444 4140
773 417 1083 472 Pedantius
1107 418 1159 472 A
1176 460 1188 473 .
1210 427 1312 472 ΙΙΙ.
1341 418 1432 472 Sc,
1460 427 1562 471 ΙΙΙ.
2004 420 2071 486 37

1139 536 1218 561 snm
1262 532 1289 559 «Α

439 569 570 619 vafri
599 587 610 619 :
636 586 734 632 ego
757 570 841 618 his
864 570 1089 632 singulis
1113 563 1292 632 (prout
1315 570 1526 619 libitum
1550 570 1649 631 est)
1671 576 1788 619 vtor
1811 569 1879 619 ad
1911 571 2073 632 placi-

436 653 569 696 tum.
588 646 694 696 Sed
712 652 790 695 est
806 663 975 708 genus
993 645 1266 707 quoddam
1284 646 1566 695 hominum
1584 652 1742 695 tenax
1759 645 2070 705 admodum,

438 723 531 783 qui
570 721 868 771 recondunt
907 721 1099 784 cupide
1133 721 1297 781 domi,
1335 738 1446 771 non
1478 728 1656 772 autem
1695 721 2076 771 circumferunt

436 798 692 860 pecunias
716 815 838 847 suas
862 814 1062 857 secum,
1090 815 1157 847 ne
1181 797 1314 847 forte
1338 804 1597 859 cogantur
1626 797 1893 847 interdum
1917 797 2074 847 nobis

276 876 396 924 1280
438 874 643 923 miseris
667 874 992 935 opitularier.
1020 874 1170 936 Quos
1199 890 1298 935 ego
1333 873 1586 936 deinceps
1607 874 1844 923 tractabo
1867 872 2072 923 crudel-

439 950 634 1008 issime,
673 955 731 998 ut
768 949 977 998 discant
1025 948 1263 998 conferre
1311 949 1455 998 bona
1492 967 1588 999 sua
1634 950 1690 998 in
1727 966 2014 999 commune
2058 966 2070 997 ε

436 1026 641 1074 utinam
675 1025 786 1086 jam
826 1024 914 1073 hic
946 1026 1155 1074 nummi
1187 1025 1470 1074 hominum
1504 1026 1764 1085 omnium,
1799 1025 1843 1073 &
1875 1025 2074 1075 divitiae

436 1101 598 1150 totius
623 1100 765 1149 orbis
800 1117 909 1149 una
942 1107 1119 1149 essent
1151 1101 1208 1149 in
1240 1104 1499 1152 crumena]-
1526 1102 1729 1163 positae,
1767 1117 1935 1162 eaque
1970 1100 2071 1150 sub

437 1177 542 1225 mei
576 1192 799 1225 censura
831 1177 1043 1237 pollicis
1065 1175 1109 1223 &
1131 1177 1286 1226 cultri
1321 1176 1531 1226 caderet
1556 1194 1568 1225 :
1593 1194 1756 1238 quam
1790 1194 1889 1239 ego
1923 1176 2071 1225 illam

278 1252 394 1302 1285
437 1251 629 1302 lubens
652 1251 935 1301 artificiose
959 1258 1290 1314 amputarem
1310 1252 1329 1300 ?
1351 1252 1450 1315 [73]

848 1371 1031 1424 Actus
1063 1370 1303 1424 Tertius,
1330 1370 1508 1424 Scena

1076 1493 1271 1544 Tertia.

783 1597 1158 1648 TYROPHAGVS.
1186 1598 1563 1648 POGGLOSTVS.

504 1701 620 1763 Tyr.
649 1701 826 1763 Quam
850 1717 950 1763 ego
985 1718 1106 1750 amo
1139 1707 1191 1750 te
1225 1701 1670 1751 amabilissimum
1705 1702 2074 1765 marsupium?

279 1792 397 1839 1290
439 1777 495 1825 in
516 1782 606 1825 tua
630 1777 799 1826 salute
823 1777 1003 1826 sanior
1019 1793 1168 1836 sum;
1189 1776 1336 1837 quod
1353 1783 1411 1827 tu
1429 1778 1670 1827 contines
1693 1795 1778 1827 me
1803 1779 2039 1828 continet
2059 1795 2071 1827 :

436 1868 532 1900 vos
555 1853 824 1902 nummuli
847 1852 1072 1902 animuli
1096 1853 1218 1911 mei,
1244 1852 1509 1902 vindicavi
1528 1853 1638 1914 jam
1663 1870 1762 1915 ego
1796 1870 1893 1903 vos
1917 1870 1945 1902 0
1969 1870 2071 1903 ser-

436 1928 601 1977 vitute
620 1927 740 1977 duri
760 1928 982 1977 Domini
1000 1928 1056 1977 in
1073 1928 1369 1977 libertatem
1388 1928 1625 1978 &lucem
1643 1929 1833 1978 virtute
1853 1946 1990 1978 mea.

498 2005 619 2066 Pog.
648 2005 949 2053 Deteriores
981 2004 1119 2054 fiunt
1156 2003 1418 2063 homines,
1446 2004 1576 2054 dum
1610 2005 1818 2067 agimus
1852 2022 1976 2054 cum
2011 2005 2075 2067 ijs

436 2078 740 2128 humaniter
786 2096 798 2128 ε
845 2079 939 2129 sed
983 2086 1250 2129 contestor
1293 2097 1558 2130 carcerem
1603 2081 1779 2142 ipsum
1825 2081 2070 2142 (patriam

278 2153 395 2216 1295
440 2154 635 2215 meam)
659 2172 770 2204 non
801 2172 1084 2217 passurum
1118 2172 1204 2204 me
1238 2155 1490 2218 deinceps
1524 2156 1741 2217 injurias
1765 2157 1890 2205 istas
1913 2157 2072 2205 male-

438 2231 702 2290 volorum,
738 2231 831 2291 qui
869 2248 937 2280 ne
971 2237 1186 2293 tangere
1220 2248 1459 2291 unquam
1498 2232 1582 2280 vel
1622 2238 1858 2293 spectare
1893 2233 2076 2281 sinunt

440 2323 692 2355 nummos
730 2323 816 2355 me
850 2323 976 2356 suos
1014 2324 1025 2355 :
1061 2306 1329 2356 adhibebo
1362 2307 1585 2369 posthac
1618 2308 1890 2356 leoninam
1928 2308 2071 2367 vim3

441 2399 585 2431 nunc
608 2388 839 2431 revertor
861 2388 919 2431 ut
949 2382 1177 2441 videam,
1205 2382 1364 2432 herus
1394 2399 1545 2432 meus
1578 2382 1844 2443 numquid
1877 2383 2076 2432 interea

440 2458 694 2519 temporis
716 2457 1049 2516 lucrifecerit,
1076 2464 1134 2507 ut
1157 2475 1280 2507 cum
1306 2474 1368 2507 eo
1394 2459 1552 2507 etiam
1577 2459 1728 2519 (pace
1763 2459 1896 2518 eius)
1919 2459 2074 2519 parti-

281 2533 400 2582 1300
444 2533 618 2595 cipem
647 2550 658 2581 :
690 2550 788 2594 ego
823 2533 1000 2593 siquid
1032 2533 1165 2582 forte
1200 2534 1368 2595 capio,
1397 2533 1528 2582 mihi
1563 2533 1617 2582 id
1651 2550 1809 2582 omne
1842 2549 2072 2592 reseruo,

441 2625 506 2657 eo
540 2615 598 2658 ut
629 2608 825 2658 fundos
859 2608 1150 2669 aliquando
1185 2625 1378 2658 emam.
1406 2608 1788 2670 Tyrophagum
1812 2609 1992 2670 (quem
2020 2614 2077 2657 vt

442 2685 782 2733 convenirem
808 2684 905 2747 [74]
931 2685 1105 2733 emisit
1127 2684 1233 2745 me)
1253 2684 1428 2733 dicam
1452 2683 1599 2733 domi
1623 2701 1733 2733 non
1756 2701 1888 2743 esse,
1915 2700 2075 2744 quem

441 2777 508 2809 ne
533 2761 754 2820 quaesivi
778 2759 996 2821 quidem
1018 2776 1030 2820 ;
1056 2776 1156 2809 nec
1179 2761 1316 2820 quis,
1350 2760 1588 2820 qualisve
1611 2760 1694 2819 sit,
1721 2760 1805 2808 vel
1830 2760 1958 2819 scio,
1991 2760 2076 2808 vel

441 2852 586 2885 curo.
1239 2840 1242 2844 ’

282 2911 398 2960 1305
508 2913 624 2973 Tyr.
654 2911 831 2960 Nimis
854 2928 940 2960 me
963 2910 1189 2960 delectat
1212 2911 1415 2973 species
1438 2910 1551 2959 haec
1574 2909 1869 2959 honorifica
1885 2916 2073 2969 vestra,

441 3003 547 3047 qua
570 2993 754 3035 teneor
777 2988 935 3036 etiam
962 3004 1085 3036 cum
1108 2985 1469 3035 festinandum
1496 2986 1562 3034 sit
1583 3002 1593 3033 :
1620 2985 1714 3034 sed
1738 2985 1934 3035 ibimus
1950 2985 2077 3034 hinc

436 3063 546 3123 jam
589 3063 950 3123 relinquentes
989 3062 1094 3111 hoc
1138 3063 1286 3112 littus
1324 3078 1539 3111 avarum
1590 3077 1600 3109 :
1648 3060 1896 3121 equidem
1941 3077 2078 3110 onus

442 3139 651 3199 suscepi
676 3139 731 3187 in
755 3155 839 3187 me
863 3139 1255 3199 gravissimum.

504 3215 624 3275 Pog.
657 3214 1030 3264 Liberabimus
1064 3220 1113 3262 te
1147 3214 1251 3263 hoc
1286 3229 1460 3271 onere,
1488 3211 1610 3262 &in
1640 3213 1900 3275 collegam
1924 3212 2128 3262 tuum&

282 3288 401 3341 1310
445 3288 798 3340 conferemus·
2132 3285 2137 3294 '
