2444 4140
303 184 399 234 108

517 335 723 379 renders
760 348 824 378 an
854 334 1022 388 object
1043 332 1256 388 capable
1278 332 1331 377 of
1347 332 1497 389 being
1518 332 1814 388 designated
1836 347 1890 378 as
1913 348 1939 372 ‹<
1960 334 2056 378 this
2079 349 2105 373 »
2128 335 2283 391 (gives

518 408 556 448 it
574 408 636 448 its
659 404 944 454 haecceitas)
966 417 1007 444 >›.

464 474 522 518 E.
575 473 802 521 Charles‚
854 474 1003 527 Roger
1033 471 1181 515 Bacon
1217 486 1267 526 p.
1305 487 1385 528 204
1405 487 1414 515 :
1437 471 1580 516 Duns
1629 472 1809 517 Scotus
1864 476 2156 517 inventera..
2191 487 2285 518 son

516 541 712 590 hcecceite',
738 546 867 586 cette
899 541 1085 595 qualite
1107 554 1292 597 propre
1315 544 1399 595 qui
1422 540 1671 597 distingue
1701 556 1770 586 un
1806 546 1908 586 etre
1937 542 2053 586 d'un
2074 548 2230 594 autre,
2255 544 2285 587 a

514 611 734 668 laquelle
775 625 857 654 ses
898 609 1136 664 disciples
1177 609 1506 654 attribuerent
1541 625 1641 655 une
1682 613 1936 655 existence
1966 614 2198 666 positive,
2235 617 2285 657 et

515 685 599 736 qui
638 684 713 724 ira
732 682 920 736 grossir
940 679 987 723 le
1008 678 1218 723 nombre
1238 679 1301 723 de
1323 692 1408 724 ces
1445 682 1576 724 etres
1611 679 1944 735 fantastiques
1980 695 2078 736 que
2106 681 2283 726 l'ecole

512 750 715 794 realiste
736 763 767 794 a
786 747 875 793 fait
893 762 1071 806 passer
1091 748 1159 793 du
1180 748 1413 793 domaine
1434 748 1498 793 de
1531 748 1582 794 la
1614 749 1820 806 logique
1855 749 1982 795 dans
2012 750 2193 795 l’ordre
2222 750 2283 795 de

513 820 564 864 la
583 824 777 863 nature.

321 894 559 930 330-349
600 889 784 934 Video...
819 889 1002 945 impulit.
1034 888 1139 935 Cic.
1151 893 1235 946 pro
1264 891 1392 934 Rosc.
1412 891 1566 935 Amer.
1590 891 1875 948 (opening):
1901 890 2081 946 Video,
2106 892 2283 937 Patres

513 961 801 1015 conscripti,
824 960 875 1002 in
894 973 976 1003 me
996 962 1218 1004 omnium
1237 964 1460 1004 vestrum
1487 973 1576 1005 ora
1596 960 1637 1004 &
1657 960 1833 1005 oculos
1864 975 1978 1006 esse
2009 975 2283 1007 conversos

513 1033 562 1072 et
575 1027 726 1073 credo
738 1041 833 1085 ego
846 1042 938 1073 vos
951 1031 1134 1082 mirari,
1151 1028 1368 1079 Iudices,
1393 1029 1514 1085 quid
1534 1032 1612 1079 sit,
1638 1043 1751 1074 cum
1771 1035 1845 1075 tot
1858 1034 2038 1075 summi
2059 1036 2282 1076 oratores

511 1097 842 1152 hominesque
862 1097 1164 1143 nobilissimi
1186 1098 1410 1148 sedeant,
1435 1113 1530 1156 ego
1551 1102 1868 1154 potissimum
1897 1104 2197 1145 surrexerim
2215 1117 2281 1156 ;...

511 1167 632 1223 quid
666 1171 823 1224 ergo?
857 1167 1223 1213 audacissimus
1260 1182 1355 1224 ego
1391 1182 1452 1213 ex
1482 1168 1750 1214 omnibus?
1782 1170 2008 1214 Minime.
2046 1170 2115 1215 At
2142 1175 2283 1216 tanto

510 1237 780 1282 officiosior
801 1251 953 1292 quam
973 1240 1126 1282 ceteri
1145 1241 1160 1281 ?
1180 1237 1262 1283 Ne
1282 1241 1425 1282 istius
1448 1237 1651 1295 quidem
1670 1238 1835 1284 laudis
1856 1242 1925 1284 ita
1943 1253 2054 1284 sum
2070 1239 2282 1297 cupidus

510 1312 565 1351 ut
585 1307 697 1352 aliis
719 1321 832 1352 eam
851 1313 1154 1363 praereptam
1172 1307 1340 1352 velim.
1364 1307 1490 1366 Quae
1510 1321 1590 1352 me
1611 1310 1759 1364 igitur
1777 1322 1859 1353 res
1885 1313 2067 1364 praeter
2087 1314 2283 1355 ceteros

511 1377 707 1433 impulit
723 1380 740 1421 ἓ

318 1451 425 1488 350
454 1448 598 1492 omnia
617 1449 749 1491 vincit
765 1460 889 1492 amor
902 1461 921 1500 ;
946 1447 999 1491 (g.
1018 1460 1094 1492 nos
1115 1447 1314 1492 cedamus
1333 1449 1488 1492 amori.
1511 1447 1557 1491 V
1561 1460 1662 1503 erg.
1685 1447 1784 1492 Ecl.
1806 1448 1866 1497 X,
1890 1455 1959 1502 69.
1982 1447 2090 1493 The
2117 1448 2219 1493 line
2239 1452 2282 1494 is

510 1516 699 1571 quoted
717 1514 785 1574 by
804 1516 890 1561 the
911 1515 1100 1572 pedant
1121 1516 1412 1574 Onophrius
1433 1520 1487 1561 in
1516 1516 1788 1562 Fraunce’s
1817 1519 2012 1562 Victoria
2033 1518 2074 1570 I,
2096 1524 2138 1573 3,
2161 1535 2202 1574 7,
2226 1532 2282 1563 as

509 1586 620 1631 also
640 1584 709 1643 by
729 1585 945 1643 pedants
965 1588 1017 1630 in
1038 1586 1216 1631 earlier
1237 1586 1419 1631 Italian
1440 1586 1710 1636 comedies‚
1742 1601 1837 1641 e.g.
1873 1587 2039 1632 Belo's
2073 1588 2282 1632 Pedante.

313 1659 425 1697 350
454 1658 660 1711 tanquam
678 1656 887 1700 milvus...
907 1669 974 1701 me
992 1659 1166 1701 tuum...
1182 1657 1352 1712 pullum
1371 1655 1583 1713 abripit...
1606 1671 1678 1700 e...
1701 1657 1818 1700 nido.

453 1724 548 1780 Cp.
572 1725 737 1770 Plaut.
768 1727 895 1770 Poen.
926 1725 989 1779 V,
1023 1730 1063 1779 5,
1099 1732 1148 1770 13
1169 1726 1330 1770 :male
1362 1739 1458 1780 ego
1488 1730 1658 1770 metuo
1687 1726 1921 1771 milvos...
1954 1740 2018 1771 ne
2047 1725 2173 1772 forte
2202 1741 2282 1771 me

512 1794 706 1840 auferat
726 1794 919 1852 pullum
937 1800 1094 1839 tuum.

317 1869 423 1906 355
457 1865 569 1910 velut
581 1879 755 1910 murum
770 1865 992 1910 aheneum.
1012 1864 1138 1909 Hor.
1156 1865 1245 1921 Ep.
1259 1864 1298 1915 I,
1322 1881 1358 1919 1,
1376 1872 1456 1909 60:
1477 1864 1577 1909 Hic
1592 1879 1764 1909 murus
1782 1879 1970 1910 aeneus
1987 1870 2111 1910 esto.
2126 1866 2282 1923 Lily's

513 1934 778 1980 Grammar
796 1934 890 1979 has
911 1934 995 1979 the
1015 1937 1199 1978 maxim
1218 1949 1245 1973 <t
1262 1934 1440 1979 Murus
1461 1948 1648 1979 aeneus
1671 1948 1797 1979 sana
1817 1938 2126 1980 conscientia
2140 1950 2183 1978 2³.

316 2009 425 2045 358
456 2005 778 2057 Pronuntiatio,
794 2005 1106 2060 pronuntiatio,
1122 2007 1435 2060 pronuntiatio.
1458 2003 1551 2061 Cp.
1583 2003 1690 2050 Cic.
1715 2005 1799 2049 Or.
1829 2004 1975 2049 XVII
2001 2016 2011 2045 ε
2042 2009 2149 2048 ut...
2180 2018 2283 2050 non

512 2078 619 2119 sine
636 2087 791 2119 causa
807 2073 1178 2119 Demosthenes
1198 2073 1425 2118 tribuerit
1445 2079 1495 2118 et
1510 2076 1695 2129 primas
1716 2079 1764 2118 et
1781 2073 2031 2119 secundas
2047 2080 2097 2119 et
2111 2077 2282 2119 tertias

512 2146 713 2189 actioni.
754 2144 1062 2188 Pronuntiatio
1097 2143 1197 2187 and
1235 2145 1342 2187 actio
1377 2157 1463 2187 are
1508 2157 1801 2200 synonyms.
1834 2142 1926 2198 Cp.
1959 2143 2042 2188 Du
2087 2144 2279 2201 Bellay,

509 2215 713 2270 Dey‘ense,
734 2213 782 2257 II
800 2213 880 2258 ch.
902 2212 948 2257 X
966 2227 976 2257 ε
1001 2226 1194 2257 comme
1214 2212 1362 2257 icelle
1382 2216 1769 2270 prononciation
1791 2212 1830 2256 &
1850 2218 1992 2269 geste
2012 2215 2282 2270 approprie

511 2283 611 2328 ala
630 2284 838 2328 matiere
859 2296 957 2337 que
990 2281 1078 2326 lon
1107 2285 1289 2336 traitte‚
1321 2285 1463 2326 uoire
1492 2297 1584 2338 par
1613 2282 1661 2326 le
1691 2286 1946 2338 iugement
1977 2282 2038 2326 de
2069 2282 2281 2328 Demos-

510 2353 678 2405 thene,
702 2357 779 2398 est
798 2353 845 2396 le
866 2352 1115 2408 principal
1137 2351 1199 2395 de
1220 2351 1471 2397 l’orateur.

318 2428 425 2464 360
460 2423 672 2480 Tempora
704 2424 944 2475 mutantur,
975 2422 1028 2466 ὧν
1056 2436 1134 2466 nos
1161 2425 1383 2466 mutamur
1411 2424 1458 2466 in
1486 2422 1588 2467 illis.
1620 2420 1832 2467 Ghero’s
1862 2421 2033 2466 Delitioe
2046 2422 2282 2467 Poetarum

510 2493 830 2538 Germanorum
869 2505 987 2549 pars
1037 2490 1059 2536 I
1096 2490 1157 2544 (F
1161 2490 1432 2536 rancofurti
1470 2492 1594 2544 1612)
1643 2506 1691 2546 p.
1728 2496 1808 2536 685
1852 2504 2035 2547 among
2079 2490 2282 2536 Matthia

508 2562 885 2607 BorboniiCollin.
899 2561 1012 2606 dicta
1031 2561 1251 2618 (sayings
1267 2560 1322 2606 of
1328 2563 1531 2606 various
1551 2561 1737 2618 people
1757 2560 2007 2609 versified)
2029 2575 2079 2604 :tc
2096 2560 2281 2605 Lotha-

508 2636 568 2677 rii
590 2632 630 2677 I.
655 2631 837 2677 Omnia
856 2636 1110 2676 mutantur
1128 2644 1223 2676 nos
1241 2630 1281 2675 &
1295 2636 1544 2675 mutamur
1558 2634 1612 2675 in
1626 2630 1724 2675 illis
1743 2646 1755 2685 ;
1778 2630 1865 2674 illa
1880 2633 2017 2674 vices
2035 2630 2279 2686 quasdam

509 2716 589 2747 res
610 2701 780 2756 habet,
802 2700 890 2745 illa
911 2704 1047 2745 vices
1064 2715 1106 2742 υ.

314 2777 383 2813 36
392 2777 420 2814 1
454 2787 550 2818 cum
561 2771 610 2816 id
620 2787 706 2817 non
710 2772 868 2828 possis,
883 2770 996 2826 quod
1007 2771 1124 2824 velis,
1133 2803 1143 2814 .
1152 2804 1161 2814 .
1170 2805 1180 2814 .
1191 2770 1293 2815 velis
1303 2769 1352 2815 id
1361 2770 1474 2825 quod
1479 2770 1636 2826 possis.
1649 2767 1911 2818 Culmann‚
1923 2770 2043 2813 Sent.
2053 2769 2252 2814 Pueriles
2261 2783 2278 2813 .·

509 2841 563 2888 Si
583 2856 686 2887 non
707 2846 852 2898 potes
875 2839 1011 2895 quod
1030 2842 1122 2889 vis,
1146 2839 1198 2884 id
1217 2838 1343 2884 velis
1366 2839 1502 2894 quod
1522 2841 1706 2896 possis.
1730 2837 1821 2895 Cp.
1843 2836 1956 2882 Ter.
1986 2838 2111 2883 And.
2136 2838 2201 2888 II,
2237 2855 2276 2892 1,

509 2917 532 2957 5
559 2927 567 2956 ;
593 2915 832 2967 quoniam
851 2924 954 2954 non
974 2914 1143 2965 potest
1161 2908 1213 2953 id
1232 2908 1341 2952 fieri
1362 2908 1498 2964 quod
1517 2911 1608 2958 vis,
1632 2907 1684 2952 id
1704 2907 1829 2952 velis
1852 2907 1987 2963 quod
2006 2910 2183 2964 possit.

318 2986 423 3022 368
451 2984 630 3026 mentem
649 2995 803 3025 sanam
823 2983 870 3025 in
889 2983 1062 3035 corpore
1080 2993 1201 3024 sano.
1229 2978 1339 3032 Juv.
1372 2978 1468 3023 Sat.
1500 2977 1561 3022 X.
1593 2981 1672 3022 355
1692 2982 1777 3021 :ut
1806 2980 1869 3021 sit
1898 2991 2039 3021 mens
2071 2990 2196 3021 sana
2225 2979 2277 3021 in

509 3065 721 3106 corpore
742 3064 883 3096 sano.

318 3125 423 3161 369
452 3121 527 3165 Sis
548 3120 679 3166 bonus
700 3120 936 3175 ofaelixque
955 3120 1055 3164 tuis.
1079 3118 1231 3174 Verg.
1253 3117 1351 3162 Ecl.
1374 3116 1437 3171 V,
1460 3120 1531 3161 65.

318 3193 424 3229 374
452 3189 669 3234 lucernam
689 3190 811 3235 olent.
855 3188 1109 3241 Plutarch,
1150 3187 1469 3236 Demosthenes,
1508 3185 1646 3238 VIII,
1670 3201 1694 3231 2
1714 3201 1723 3229 :
1770 3185 1961 3252 λυχνίων
2004 3185 2137 3242 ὄζειν,
2180 3183 2273 3240 Cp.

511 3259 726 3315 Lodge's
765 3259 952 3315 Defence
989 3257 1041 3313 of
1069 3257 1207 3314 Plays
1236 3255 1606 3311 (Shakespeare
1640 3254 1908 3311 Societyp.
1928 3255 1997 3306 28)
2023 3269 2032 3298 2
2059 3254 2276 3298 alienam

509 3328 610 3372 olet
631 3330 902 3383 lucernam,
925 3341 1028 3372 non
1047 3334 1201 3371 tuam.
1223 3325 1321 3370 See
1344 3325 1602 3380 Erasmus,
1624 3325 1822 3379 Adagia.

318 3401 548 3438 aso-382
570 3400 644 3452 qui
662 3402 801 3442 tamen
821 3400 1019 3443 vivunt...
1042 3411 1127 3441 non
1146 3396 1205 3439 ad
1231 3394 1530 3452 deponendam,
1562 3394 1638 3438 sed
1664 3393 1999 3451 confirmandam
2028 3392 2271 3437 audaciam.

454 3465 545 3523 Cp.
569 3475 692 3522 2874.
716 3466 820 3512 Cic.
843 3469 891 3511 in
925 3467 1023 3512 Cat.
1048 3466 1087 3515 I,
1111 3483 1151 3515 2,
1175 3481 1227 3522 4:
1250 3465 1409 3514 Vivis,
1433 3469 1482 3509 et
1502 3466 1630 3508 vivis
1665 3477 1767 3508 non
1801 3462 1867 3507 ad
1901 3461 2268 3517 deponendam,

509 3537 600 3579 sed
621 3536 685 3580 ad
705 3536 1098 3582 confirmandam
1119 3534 1397 3580 audaciam.

317 3609 423 3646 383
453 3607 489 3648 te
523 3619 674 3649 rumor
706 3608 767 3650 est
798 3620 960 3650 amare.
997 3604 1111 3650 Ter.
1147 3604 1271 3650 And.
1310 3603 1375 3653 II,
1402 3619 1439 3652 1,
1466 3617 1549 3659 14:
1575 3601 1746 3647 Meum
1775 3605 1980 3656 gnatum
2008 3613 2175 3644 rumor
2195 3603 2272 3643 est

508 3687 692 3719 amare.

314 3748 422 3785 385
453 3746 614 3797 Fama,
636 3744 797 3790 malum
831 3760 911 3800 quo
932 3760 1016 3790 non
1034 3744 1171 3800 {aliud
1201 3744 1378 3789 velocius
1411 3743 1557 3789 vitum.
1579 3742 1729 3798 Verg.
1753 3743 1868 3786 Aen.
1894 3740 1982 3794 IV,
2009 3756 2085 3795 174
2105 3737 2269 3791 (usual

509 3813 718 3869 reading
738 3828 764 3852 «
785 3813 958 3864 Fama,
980 3815 1169 3861 malum
1187 3828 1274 3870 qua
1293 3813 1364 3858 &c
1381 3813 1443 3866 »J-
