2444 4140
578 425 642 479 18
982 420 1296 476 Pedantius
1321 423 1403 476 A.
1432 432 1476 475 Ι.
1497 422 1589 477 Se.
1619 431 1716 476 IV.

566 595 677 628 non
700 577 893 627 loculis
918 593 1105 626 sumus
1129 577 1425 638 locupletes
1454 594 1465 626 t
1493 585 1533 630 &
1554 583 1737 628 tamen
1762 580 1955 641 locuples
1977 578 2171 631 dicitur
2195 597 2225 629 a

560 655 711 716 plenis
734 653 895 702 loculis
918 651 1087 715 (quod
1112 653 1209 702 iste
1232 669 1345 702 non
1368 653 1555 715 novit).

629 732 752 793 Peg.
789 731 861 779 Vt
893 746 1143 779 maneam
1183 730 1359 790 qualis
1397 729 1658 781 hactenus
1690 730 1785 790 fui,
1824 732 1903 781 vir
1937 732 2222 792 innocuus,

430 809 524 856 600
568 823 751 868 quaeso
776 805 982 867 aliquid
1006 805 1160 855 detis,

428 1190 520 1239 605

429 1577 523 1623 610

626 884 747 933 Ped.
777 883 953 941 Dabo,
991 899 1187 945 nempe
1210 882 1511 933 'consilium
1546 883 1724 943 fidele,
1763 890 1875 934 esto
1908 887 2093 948 Integer
2125 886 2227 935 vitce

563 960 826 1021 scelerisque
842 964 992 1022 purus
1008 977 1027 1017 ;
1055 960 1199 1009 Nam
1223 976 1336 1009 non
1371 966 1580 1022 oportet
1612 961 1726 1011 ullo
1760 961 1817 1011 in
1851 962 2025 1011 officio
2050 962 2226 1011 claudi-

565 1052 683 1086 care.

626 1114 749 1176 Pog.
780 1112 944 1163 Illudi
969 1130 1055 1163 me
1080 1114 1252 1163 sentio
1277 1130 1287 1162 ε
1314 1114 1476 1163 vultis
1499 1114 1742 1176 gladium
1767 1115 1946 1175 istum,
1973 1132 2137 1176 quam
2162 1117 2229 1166 sit

565 1196 773 1250 acutus,
812 1190 1076 1253 experiri?
1111 1189 1400 1252 Equidem,
1433 1190 1532 1240 viri
1567 1192 1773 1253 optimi,
1813 1192 1856 1241 si
1891 1193 2085 1241 vellem
2120 1193 2227 1242 iam

565 1267 829 1317 latronem
864 1284 1038 1330 agere,
1075 1283 1293 1329 possem
1327 1267 1483 1316 vobis
1517 1268 1602 1317 vel
1638 1267 1819 1317 invitis
1854 1269 2055 1331 eripere
2085 1286 2095 1317 z
2133 1268 2228 1318 sed

566 1360 721 1406 spero
746 1343 982 1395 daturoS.

625 1422 748 1470 DrO.
779 1422 898 1470 Imo
922 1420 1162 1484 profecto
1188 1420 1351 1482 idque
1375 1426 1618 1471 actutum
1648 1437 1658 1470 :
1686 1438 1811 1471 ecce
1835 1421 1932 1471 tibi
1966 1421 2227 1483 quiddam

565 1514 654 1546 non
677 1502 915 1559 quantum,
944 1497 1087 1547 vnde
1110 1502 1293 1548 tamen
1316 1497 1635 1548 hodiernam
1658 1499 1834 1560 possis
1864 1515 2075 1549 coenam
2108 1515 2227 1561 pro-

566 1591 763 1624 creare.

627 1653 747 1701 Ped.
778 1652 916 1701 Cum
941 1651 1038 1701 tibi
1062 1651 1220 1701 video
1246 1650 1487 1711 indolem
1513 1652 1688 1701 inesse
1713 1660 1752 1704 ὃς
1776 1669 2024 1711 acumen,
2050 1652 2150 1702 tibi
2174 1659 2229 1702 vt

484 1762 505 1772 ,η
538 1768 540 1770 .
564 1729 768 1792 pssgsim
794 1735 940 1790 opto,
962 1734 1021 1779 ut
1044 1727 1271 1778 facultas
1293 1745 1390 1790 par
1413 1734 1551 1778 esset
1568 1729 1850 1789 voluntati,
1873 1746 2019 1779 nunc
2044 1729 2227 1792 accipe

428 1960 520 2008 615

428 2344 523 2392 620

428 2725 519 2776 625

564 1805 669 1854 hoc
695 1804 919 1865 aliquid.

626 1883 749 1944 Pog.
769 1881 1044 1944 Quicquid
1059 1887 1138 1931 est
1151 1881 1269 1944 (etsi
1288 1881 1392 1931 hoc
1417 1881 1623 1942 aliquid
1642 1882 1777 1931 nihil
1800 1882 1897 1944 est)
1917 1883 2037 1932 laeta
2054 1882 2227 1932 fronte

566 1959 791 2021 accipio,
818 1965 874 2007 vt
895 1959 1094 2021 pignus
1117 1959 1315 2008 amoris
1340 1975 1464 2020 erga
1482 1972 1569 2008 me
1587 1959 1683 2009 tui.
1706 1958 1804 2021 [35]
1824 1959 2046 2021 Aliquid
2067 1960 2226 2010 etiarn

565 2035 689 2097 (nisi
714 2036 973 2085 molestus
998 2035 1193 2097 essem)
1218 2036 1274 2085 in
1298 2036 1591 2086 crastinum
1615 2041 1671 2085 vt
1694 2035 1847 2095 detis,
1874 2037 2224 2098 postularem.

626 2112 750 2161 Dro.
770 2112 990 2161 Vtinam
1010 2111 1216 2173 aliquid
1234 2112 1331 2161 tibi
1349 2110 1475 2161 dare
1493 2128 1709 2175 possem
1727 2129 1840 2163 non
1859 2114 1915 2162 in
1933 2114 2225 2163 crastinum

564 2189 760 2247 solum,
788 2187 883 2246 sed
907 2189 1027 2240 &in
1060 2189 1466 2251 sempiternum,
1494 2187 1658 2250 idque
1691 2189 1946 2238 trifariam
1987 2207 1997 2238 ε
2035 2190 2091 2239 in
2124 2190 2226 2239 aevi-

551 2268 759 2324 -lernum,
777 2282 991 2327 nempe,
1006 2271 1282 2324 aeternum,
1295 2269 1463 2327 aparte
1469 2269 1585 2328 post,
1605 2266 1661 2315 in
1675 2273 2018 2326 coaeternum,
2032 2283 2227 2329 nempe

566 2359 595 2390 a
612 2346 746 2405 parte
769 2346 888 2390 ante.
1225 2406 1229 2407 ⁷

627 2419 750 2481 Pog.
780 2419 906 2468 Hoc
929 2419 1097 2469 telum
1122 2425 1266 2481 petet
1288 2435 1385 2468 vos
1409 2436 1437 2467 a
1454 2423 1588 2481 parte
1611 2423 1728 2478 ante,
1758 2419 1816 2468 (g,
1833 2424 1951 2482 post.

627 2496 750 2544 Dro.
776 2496 1082 2545 In-Interim
1107 2495 1211 2545 hoc
1235 2511 1419 2557 quaeso
1444 2513 1593 2558 cape.

627 2572 748 2621 Ped.
793 2573 864 2621 Et
902 2572 1007 2622 hoc
1046 2573 1206 2622 etiam
1252 2589 1262 2621 :
1308 2573 1452 2631 Nam
1494 2589 1653 2635 opem
1692 2572 1827 2622 ferre
1866 2573 2227 2636 supplicibUS,

568 2649 796 2698 excitare
831 2648 1073 2709 afflictOS,
1102 2649 1387 2700 subleuare
1423 2650 1782 2709 calamitOSOS,
1817 2649 1942 2700 dare
1977 2650 2225 2710 salutem,

567 2725 784 2775 Oratorz's
800 2726 1043 2788 proprium
1066 2730 1144 2775 est.

537 2861 539 2863 Ι
626 2803 750 2864 Pog.
781 2803 1068 2864 Ignoscite,
1096 2803 1140 2852 si
1165 2819 1195 2851 a
1218 2802 1372 2852 vobis
1407 2803 1634 2853 summis
1671 2802 1944 2864 Magistris
1979 2818 2078 2863 ego
2101 2804 2133 2851 I
2135 2803 2227 2851 nci-

560 2879 691 2941 piens
724 2879 774 2928 in
808 2880 893 2928 hae·
925 2883 1023 2928 arte
1055 2886 1235 2941 petam
1270 2878 1530 2929 audacius
1557 2896 1568 2928 ε
1595 2880 1795 2941 caligas
1829 2878 1962 2928 mihi
1997 2879 2225 2929 libenter

566 2972 739 3007 nouas
764 2972 1016 3016 emerem,
1043 2963 1083 3007 &
1106 2955 1273 3004 libros
1307 2956 1505 3017 aliaque
1527 2956 1844 3015 necessaria,
1873 2971 1969 3005 vos
2003 2955 2047 3005 si
2081 2955 2227 3006 hunc

510 3079 512 3081 ,
566 3038 845 3094 sumptum
868 3032 1115 3090 feceritis,
1146 3033 1469 3081 Maecenates
1494 3032 1638 3081 eritis
1662 3032 1812 3082 mihi.

430 3109 524 3156 630

629 3110 750 3158 Ped.
788 3110 859 3158 Vt
898 3125 1194 3170 cognoscas
1233 3115 1284 3157 te
1324 3108 1457 3158 mihi
1498 3108 1719 3159 charum
1761 3126 1894 3168 esse,
1939 3109 2075 3158 scias
2115 3125 2226 3159 non

568 3186 737 3234 solere
762 3202 847 3235 me
872 3186 1126 3246 cuiquam
1151 3190 1260 3233 tam
1284 3184 1507 3247 prodige
1533 3185 1728 3246 largiri,
1756 3202 1881 3234 nam
1908 3202 2019 3234 non
2056 3186 2225 3234 omni-

535 3280 547 3283 >
566 3260 667 3310 bus
693 3261 790 3323 [36]
816 3261 1046 3321 dormiO,
1075 3260 1181 3311 Sed
1206 3262 1415 3311 lucrum
1442 3267 1520 3311 est
1543 3262 1587 3311 si
1605 3261 1736 3322 quid
1771 3262 1868 3311 tibi
1902 3261 2180 3311 benefacio
2212 3278 2222 3310 :

566 3341 705 3385 tene.
