2444 4140
359 696 481 747 2105

357 1093 481 1127 2110

357 1460 478 1509 2115

356 1859 481 1893 2120

353 2225 476 2275 2125

358 2609 481 2658 2130

330 2960 477 3043 '2135

531 357 601 442 6o
949 384 1261 440 Pedantius
1286 384 1366 438 Α.
1396 394 1494 439 IV
1518 352 1610 439 Se.
1639 394 1740 438 IV.

526 543 656 591 irem
693 541 1057 590 morositatem
1091 546 1258 588 tuam.
1299 540 1655 602 Quapropter,
1692 540 1777 588 vel
1813 556 1959 588 nunc
1994 539 2181 588 saltem

526 619 651 678 quia
673 617 801 678 [120]
822 633 1102 676 nunquam
1129 633 1245 665 sera
1269 622 1348 664 est
1371 615 1439 664 ad
1463 616 1637 664 bonos
1656 632 1832 664 mores
1850 614 1956 673 via)
1974 632 2179 677 precor,

526 711 687 743 canas
732 691 1084 755 palinodiam,
1135 692 1312 754 sapias
1358 691 1425 740 ad
1471 698 1786 750 extremum,
1834 690 1877 738 ἃ
1921 697 2181 751 tanquam

526 786 779 820 canescas
804 769 860 817 in
884 774 1176 817 senectute.
1206 769 1330 817 Scio
1357 785 1517 817 omne
1540 768 1830 829 pulchrum
1856 767 2180 827 (cujusmodi

522 853 580 896 tu
600 845 677 907 es)
702 862 817 894 esse
842 845 1076 894 difficile.
1105 844 1230 904 Sed,
1258 845 1333 894 nil
1369 851 1478 893 tam
1513 844 1728 893 difficile
1763 850 1859 902 est,
1888 842 2036 904 quod
2070 860 2181 892 non

524 922 738 972 solertia
776 922 973 980 vincat,
1018 938 1138 970 sum
1179 927 1359 971 autem
1405 921 1485 982 (ut
1528 919 1699 980 vides)
1745 920 2123 968 solertissimus
2168 936 2178 967 :

523 999 741 1048 redama
765 1015 851 1047 me
876 999 1054 1060 igitur.

585 1077 716 1125 Lud.
762 1076 911 1138 Quin
949 1076 993 1123 si
1034 1091 1388 1136 cognosceres
1432 1081 1508 1133 tu,
1558 1091 1722 1134 quam
1768 1074 1968 1132 multae,
2017 1089 2180 1133 quam

521 1153 696 1211 bellae,
739 1153 846 1201 sint
885 1152 940 1200 in
981 1152 1104 1201 aula
1146 1168 1268 1212 quae
1307 1152 1469 1200 istum
1510 1155 1766 1212 appetant
1803 1150 2036 1210 virgines
2076 1149 2180 1208 (vel

522 1228 759 1278 foeminae
781 1227 982 1291 potius)
1007 1245 1119 1277 non
1153 1229 1354 1276 sineres
1379 1226 1582 1289 (credo)
1606 1233 1715 1275 tam
1751 1225 1968 1275 dulcem
1992 1225 2181 1274 bolum

523 1306 657 1367 eripi
700 1305 797 1354 tibi
838 1322 867 1354 e
911 1304 1159 1354 faucibus
1203 1321 1213 1352 :
1259 1303 1666 1353 Concurrebant
1705 1319 1894 1351 omnes
1938 1300 2180 1362 undique

523 1383 685 1432 istum
709 1388 970 1443 tanquam
996 1382 1265 1444 Pompam
1290 1381 1528 1441 aliquam
1554 1385 1886 1441 spectaturae,

585 1461 706 1508 Ped.
735 1459 819 1509 Tu
844 1458 1011 1508 audes
1035 1475 1191 1520 agere
1215 1463 1445 1519 gestum,
1473 1462 1748 1519 spectante
1780 1455 1978 1504 Roscio
1999 1455 2018 1502 ?
2052 1455 2179 1503 Sine

522 1553 609 1585 me
633 1536 733 1585 ista
756 1553 987 1594 narrare,
1015 1535 1214 1596 qu1bus
1238 1551 1338 1596 ego
1374 1550 1486 1583 non
1521 1532 1734 1582 interfui
1770 1533 1966 1590 solum,
1991 1547 2179 1580 verum

523 1614 683 1662 etiam
707 1611 914 1675 praefui.
946 1612 1036 1660 Me
1055 1611 1207 1672 (dum
1233 1611 1289 1660 in
1313 1611 1461 1660 curia
1485 1609 1754 1669 versabar)
1772 1613 2181 1671 praetereuntem

522 1689 965 1739 demonstrabant
989 1705 1178 1737 omnes
1202 1687 1389 1749 digito,
1418 1687 1830 1743 insusurrantes,
1856 1685 1916 1733 H
1917 1684 1960 1732 ic
1991 1687 2057 1732 est
2081 1683 2177 1741 ille,

522 1765 691 1828 (quod
716 1766 819 1815 nisi
845 1765 1203 1814 Demostheni
1224 1764 1353 1812 olim
1373 1763 1598 1823 contigit
1622 1761 1929 1810 mortalium
1955 1758 2180 1819 nemini)

526 1843 597 1891 Et
619 1848 897 1892 venustate
922 1848 1104 1891 nostra
1121 1840 1357 1890 foeminae
1375 1845 1545 1901 captae
1564 1845 1705 1897 sunt,
1727 1844 1986 1898 tanquam
2005 1837 2180 1898 pisces

522 1919 702 1968 hamo.
741 1918 849 1968 Sed
884 1919 940 1967 in
975 1917 1155 1967 medio
1190 1923 1268 1966 tot
1304 1915 1809 1978 Harpy-[121]arum
1843 1913 2180 1962 honestatem

522 1996 723 2045 interea
769 1994 1037 2044 custodivi
1081 2001 1264 2043 tamen
1308 1999 1504 2042 sartam
1550 1997 1780 2050 tectam3
1834 1990 2035 2052 quippe
2086 1988 2179 2049 qui

520 2071 892 2134 responderim
932 2071 1177 2132 singulis,
1226 2070 1557 2132 voluptatem
1603 2067 1843 2129 corporis
1889 2082 2004 2115 esse
2049 2065 2179 2114 bell-

522 2149 725 2198 uinam.
775 2149 920 2198 Ecce
965 2164 1091 2197 vero
1131 2147 1243 2209 jam
1284 2146 1388 2195 hoc
1434 2145 1531 2194 tibi
1577 2144 1743 2193 offero
1789 2142 2177 2192 munusculum

522 2224 795 2274 levidense
819 2242 830 2284 ;
857 2223 1237 2287 limpidissima
1264 2221 1458 2283 Lydia.

586 2302 703 2350 TuS.
734 2301 870 2350 Mihi
889 2301 1016 2350 huic
1035 2317 1130 2363 per
1149 2300 1332 2349 omnia
1356 2299 1587 2347 similem
1608 2298 1860 2346 maritum
1881 2295 1968 2357 Dij
1990 2294 2146 2344 duint
2165 2293 2174 2342 Ξ

582 2379 703 2427 Ped.
732 2377 1049 2426 Gratissima
1069 2377 1201 2426 mihi
1225 2376 1340 2425 haec
1364 2381 1444 2424 est
1466 2373 1844 2423 benevolentia
1867 2379 1959 2421 tua
1979 2387 1990 2431 ;
2012 2387 2177 2433 quare

523 2455 719 2516 gratias
765 2471 884 2516 ago,
932 2454 1108 2503 habeo
1154 2469 1382 2515 semper,
1419 2451 1643 2500 referam
1684 2447 1996 2511 aliquando.
2037 2449 2177 2510 Apte

525 2531 658 2580 mihi
681 2531 868 2580 videor
892 2532 991 2580 ista
1009 2531 1107 2579 tria
1126 2529 1449 2579 distinxisse.
1467 2527 1574 2577 Sed
1594 2544 1705 2576 non
1729 2525 1983 2576 omnibus
2001 2523 2178 2574 dorm-

525 2606 1264 2667 k):huh:habeo,nontssfl.

578 2686 709 2747 Lyd.
760 2684 907 2747 Quid
952 2684 1141 2733 attinet
1186 2683 1473 2744 reprimere
1528 2679 1731 2730 diutius
1785 2676 1934 2739 quod
1988 2676 2176 2737 nequit

521 2762 721 2811 celari?
761 2762 880 2823 Ego
919 2767 970 2810 te
1011 2760 1106 2822 (mi
1153 2757 1405 2819 Pedanti)
1446 2755 1569 2819 jam¹
1604 2755 1698 2805 diu
1743 2754 1963 2815 quidem
1999 2752 2175 2802 amavi

518 2839 814 2901 plurimum
844 2854 854 2886 :
882 2836 993 2896 sed,
1031 2842 1090 2886 ut
1122 2842 1270 2885 tuam
1306 2835 1501 2883 certius
1540 2832 1705 2882 fidem
1746 2831 2026 2894 experirer,
2063 2846 2175 2879 non

519 2932 649 2964 ausa
689 2932 810 2964 sum
851 2913 905 2963 id
945 2912 1199 2975 profiteri.
1236 2911 1400 2960 Nunc
1432 2927 1557 2959 cum
1591 2915 1642 2957 te
1675 2908 1992 2957 tentaverim
2027 2905 2171 2964 satis,

522 2991 715 3053 gaude,
742 2990 900 3050 habe,
928 2989 1112 3051 accipe
1135 2995 1284 3038 tuam
1308 2987 1423 3036 tibi.

578 3069 699 3117 Ped.
729 3068 775 3116 O
802 3083 1024 3116 aureum
1048 3064 1255 3114 flumen
1279 3061 1562 3112 orationis!
1588 3062 1725 3109 Haec
1749 3066 1828 3109 est
1850 3064 1991 3109 certe
2015 3057 2175 3107 melle

518 3144 727 3194 dulcior
751 3143 937 3202 oratio,
965 3140 1133 3203 (quod
1162 3139 1228 3189 de
1265 3140 1493 3188 Nestore
1528 3154 1627 3187 suo
1658 3137 1852 3186 cecinit
1879 3135 2175 3195 Homerus)

522 3219 636 3268 dies
676 3220 763 3269 hic
806 3226 885 3268 est
922 3218 1107 3277 festus,
1148 3216 1193 3264 δε
1233 3217 1392 3265 niveo
1433 3213 1729 3277 signandus
1773 3212 1959 3274 lapillo
1999 3227 2009 3259 ε
2052 3209 2176 3258 Tibi

520 3297 774 3359 gratulor,
801 3295 935 3345 mihi
958 3293 1188 3358 gaudeO.
1217 3291 1347 3355 [122]
1373 3290 1660 3354 Conjugati
1682 3306 1830 3339 nunc
1853 3288 2051 3338 erimus
2074 3302 2175 3336 nos
