2444 4140
248 847 339 908 495

248 1222 340 1272 500

246 1599 335 1648 505

241 1978 334 2027 510

240 2355 329 2404 515

243 2732 334 2783 520

243 3108 332 3159 525

791 391 1102 446 Pedantius
1125 393 1177 446 A
1194 434 1205 446 .
1234 401 1277 443 Ι.
1299 386 1389 446 Sc.
1418 401 1520 445 ΙΙΙ.
1964 391 2026 446 15

381 551 626 607 operatur
647 561 658 592 ε
680 544 723 591 81
742 545 785 592 51
805 550 1052 605 operatur
1070 546 1126 593 in
1145 545 1359 594 alterius
1382 559 1619 606 corpore,
1645 540 1756 593 non
1780 551 2027 606 operatur

387 623 442 668 in
465 637 562 669 suo
585 637 596 679 ;
623 621 666 668 si
690 637 800 668 non
825 626 1070 681 operatur
1094 621 1149 668 in
1173 637 1287 679 suo,
1316 637 1426 668 non
1449 621 1580 669 viuit
1603 621 1659 668 in
1682 636 1780 669 suo
1803 636 1814 680 ;
1840 621 1884 669 si
1915 636 2025 669 non

383 697 516 745 viuit
539 697 594 744 in
617 713 732 754 suo,
760 712 870 744 non
905 702 983 744 est
1016 697 1071 743 in
1096 712 1229 754 suo;
1266 696 1309 744 si
1343 712 1454 744 non
1488 701 1566 744 est
1599 695 1654 744 in
1688 713 1802 755 suo,
1831 712 2024 758 corpus

386 778 463 820 est
486 778 774 820 mortuum.
802 771 885 819 Tu
910 788 966 819 es
989 770 1315 820 huiusmodi.
1344 772 1506 831 Erg0.

444 849 563 895 Ped.
588 848 719 907 Agis
743 864 954 895 mecum
981 846 1266 908 sophistice
1287 847 1342 896 in
1357 846 1662 908 Labyrintho,
1686 847 1741 895 in
1757 847 2028 896 Minotauri

383 923 656 984 spelunca.
685 923 809 983 Ego
825 939 922 983 pro
945 923 1178 970 Ariadnes
1197 914 1427 984 filolvtor
1449 921 1731 983 prudentia
1755 938 1890 981 mea,
1917 926 2024 983 qua

384 998 670 1046 extricante
694 1004 997 1046 constanter
1019 997 1157 1055 dico,
1183 999 1288 1059 Ego
1310 998 1398 1045 scio
1422 1015 1487 1045 me
1509 997 1669 1046 vivere.

444 1074 567 1121 Dro.
598 1073 726 1121 Non
760 1073 961 1133 urgebo
985 1079 1035 1121 te
1064 1090 1074 1120 ε
1105 1074 1310 1121 Revera
1344 1079 1422 1121 est
1454 1073 1806 1132 aequivocatio
1841 1074 1897 1123 in
1931 1090 2022 1123 no-

381 1148 525 1196 mine
546 1148 736 1196 Mortui
749 1165 758 1195 :
779 1149 919 1196 Nam
940 1164 1050 1196 non
1074 1154 1151 1196 est
1174 1154 1415 1196 mortuus
1434 1148 1757 1197 extrinsecus
1775 1148 1818 1195 &
1835 1166 2022 1198 secun-

382 1222 512 1272 dum
544 1223 777 1272 animam
812 1224 1180 1284 vegetativam,
1218 1225 1299 1272 vel
1336 1224 1676 1282 sensitivam3
1713 1223 1806 1272 sed
1841 1224 2020 1273 intrin-

382 1298 536 1347 secus
560 1298 857 1347 secundum
892 1299 1126 1347 animam
1161 1299 1473 1347 rationalem
1508 1298 1551 1346 &
1585 1299 2016 1359 intellectualem,

381 1390 502 1434 quae
525 1375 580 1422 in
605 1391 659 1422 se
685 1374 789 1422 iam
814 1390 926 1422 non
948 1375 1160 1434 cogitat,
1188 1375 1314 1434 quia
1337 1373 1404 1422 de
1427 1391 1482 1423 se
1506 1391 1617 1423 non
1640 1374 1851 1435 cogitat.

447 1451 562 1498 Ped.
593 1450 720 1498 Non
744 1455 822 1498 est
844 1449 1067 1510 dignum
1092 1450 1421 1511 repetitione,
1448 1449 1647 1498 nedum
1673 1451 2018 1511 responsione

380 1531 575 1583 nostra,
604 1524 750 1585 quod
775 1525 978 1586 obijcis.
2061 1521 2063 1523 ’

441 1602 562 1649 Dro.
586 1601 638 1649 N
643 1617 748 1649 unc
771 1599 1070 1648 antidotum
1096 1600 1407 1648 minist-rabo
1427 1606 1608 1648 contra
1630 1606 1835 1661 pestem
1858 1600 2016 1650 hanc.

380 1676 642 1734 Primum,
671 1675 1019 1725 ieiunandum
1044 1681 1121 1723 est
1145 1676 1356 1736 saepius,
1378 1681 1432 1723 vt
1465 1676 1739 1724 evacuatio
1764 1676 1876 1724 Siue
1902 1693 2016 1724 eva-

377 1752 583 1812 poratio
607 1751 697 1799 fiat
716 1751 955 1799 humoris
974 1751 1210 1798 sensitivi
1230 1749 1483 1811 superflui
1503 1766 1513 1797 :
1532 1749 1629 1812 [29]
1649 1756 1762 1798 tum
1780 1751 2017 1811 piscibus

377 1828 605 1875 vescaris
622 1827 800 1888 potius
824 1843 986 1886 quarn
1012 1826 1260 1874 carnibus
1284 1842 1404 1885 quae
1422 1832 1677 1886 generant
1700 1826 2015 1887 sanguinem

376 1902 610 1952 calidum
634 1902 678 1949 &
702 1901 1175 1963 concupiscibilem
1200 1918 1211 1960 ;
1237 1902 1364 1950 vino
1387 1901 1654 1950 abstineas
1677 1900 1720 1948 &
1744 1901 2013 1960 saccharo,

377 1979 433 2027 in
477 1978 674 2038 quibus
719 1979 855 2026 inest
892 1994 1180 2026 venereum
1220 1983 1714 2038 provocamentum,
1755 1983 1870 2025 tum
1911 1978 2016 2026 otia

374 2055 524 2112 vites,
552 2053 818 2114 siquidem
843 2054 1056 2114 negotia
1080 2052 1413 2101 condensant
1435 2052 1575 2100 hanc
1609 2052 1809 2100 cerebri
1842 2052 2015 2101 fluidi-

374 2135 554 2188 tatem,
589 2145 709 2189 quae
737 2130 907 2190 gignit
941 2145 1004 2177 ex
1038 2145 1094 2177 se
1128 2128 1495 2190 turpissimum
1531 2127 1584 2176 id
1619 2134 2014 2176 excrementum

374 2205 677 2266 voluptatis.

434 2281 553 2329 Ped.
584 2281 700 2341 Ego
725 2297 849 2329 cum
871 2280 1081 2342 Scipione
1104 2296 1382 2339 nunquam
1403 2279 1581 2327 minus
1606 2279 1824 2337 otiosus,
1852 2296 2013 2338 quam

374 2372 497 2405 cum
522 2356 739 2404 otiosus.

436 2432 559 2480 Dro.
588 2432 900 2480 Proximum
936 2437 1030 2490 est,
1068 2436 1126 2479 ut
1159 2436 1346 2479 cantus
1380 2430 1703 2479 meretricios
1737 2446 1944 2489 caueas,
1971 2429 2014 2477 &

377 2523 594 2555 omnem
620 2508 766 2555 illam
791 2506 1102 2567 syllabicam
1129 2506 1572 2567 compositionem
1594 2505 1898 2562 Poetarum,
1921 2505 2013 2564 qui

375 2583 535 2631 nimis
559 2582 832 2631 articulate
856 2581 922 2630 de
945 2581 1028 2630 his
1050 2582 1361 2641 loquuntur.

435 2658 554 2706 Ped.
584 2658 703 2706 Hos
728 2658 926 2719 optime
953 2658 1108 2705 Plato
1132 2657 1285 2705 eiecit
1308 2673 1336 2704 e
1361 2672 1456 2705 sua
1478 2655 1756 2717 republica.

437 2734 559 2782 Dro.
604 2732 814 2781 Deinde
853 2724 1180 2781 consortium
1224 2731 1397 2792 fugias
1442 2731 1658 2796 istarum
1698 2730 2009 2789 aulicarum,

374 2817 494 2868 quae
516 2807 672 2857 valde
696 2814 862 2869 agunt
885 2809 940 2856 in
963 2808 1078 2856 haec
1102 2806 1349 2855 inferiora
1380 2822 1600 2867 corpora
1622 2822 1633 2853 :
1657 2805 1853 2853 Praeter
1876 2804 2006 2864 haec,

375 2884 522 2945 potio
547 2885 727 2944 aliqua
749 2884 1030 2945 purgatiua
1055 2881 1316 2932 sumenda
1336 2888 1429 2940 est,
1452 2898 1558 2942 qua
1583 2881 2007 2943 complexionem

376 2960 531 3007 istam
568 2960 818 3008 immutes
841 2965 1005 3008 tuam.
1036 2959 1176 3007 Nam
1211 2975 1307 3006 vos
1341 2957 1591 3006 cholerici
1623 2962 1837 3018 propter
1871 2957 2011 3017 ignei

374 3034 614 3084 humoris
649 3035 858 3096 copiam
893 3034 1094 3083 feroces
1133 3034 1299 3091 ruitis,
1337 3050 1460 3082 cum
1500 3048 1597 3081 nos
1636 3031 2010 3080 melancholici

377 3109 749 3172 (praeterquam
774 3109 920 3170 quod
940 3110 1323 3171 ingeniosiores
1347 3124 1548 3166 sumus,
1576 3112 1706 3155 teste
1729 3107 2011 3156 Aristotele

374 3185 430 3233 in
477 3184 978 3246 pro-[3o]blematis)‚
1027 3191 1141 3234 tum
1188 3200 1388 3245 quoque
1428 3182 1496 3231 ob
1542 3182 1694 3230 terrei
1734 3182 2009 3243 sanguinis

369 3260 654 3322 pigritiam,
680 3261 849 3310 multo
874 3277 1059 3311 sumus
1083 3259 1150 3310 ad
1180 3259 1341 3309 hosce
1376 3258 1608 3309 brutales
1631 3252 1808 3308 motus
1830 3257 2008 3308 minus
