2444 4140
522 413 590 469 52
965 410 1280 466 Pedantiu·s
1303 411 1384 465 A.
1413 420 1510 465 IV.
1539 412 1630 467 Sc,
1653 422 1697 465 Ι.

517 569 620 618 abo
669 569 914 630 protinus
970 567 1230 616 Senatum
1281 567 1631 616 consiliorum
1687 583 1952 616 meorum.
2009 568 2171 619 Adsis

512 646 748 707 primum
797 644 956 691 Ratio
1002 645 1282 705 (tanquam
1329 644 1487 693 Caesar
1529 647 1698 706 semper
1746 644 2010 706 Augustus)
2055 651 2170 695 tum

516 721 762 770 Inventio
787 719 830 767 &
857 719 1128 768 Iudicium
1163 720 1350 781 (veluti
1384 719 1493 769 duo
1520 720 1760 780 Consules)
1782 726 1905 782 post
1938 723 2106 770 Amor
2128 721 2171 769 &

514 796 716 846 Odium
757 796 988 858 (Tribuni
1017 795 1183 858 plebis)
1225 795 1438 845 Deinde
1483 795 1813 845 confidentia
1857 796 1900 844 ἃ
1945 798 2171 847 circum-

350 876 470 923 1820
513 873 714 935 spectio
739 873 967 934 (AEdiles,
997 873 1111 922 siue
1139 871 1415 934 Taxatores)
1439 874 1574 922 cum‘
1598 872 1816 923 famulis
1841 874 1951 922 suis
1976 873 2103 923 dolo
2127 874 2170 922 &

346 1256 464 1306 1825

509 950 791 1011 largitione
840 966 851 997 :
899 955 1189 1011 postremo,
1238 950 1520 999 universus
1551 950 1727 999 *simul
1775 950 2018 1011 Equestris
2060 953 2169 999 ordo

510 1027 826 1075 astutiarum
890 1043 1132 1075 mearum
1187 1025 1503 1085 deliberate,
1559 1025 1854 1085 decernite,
1911 1027 2171 1088 pecunias

508 1102 670 1151 hasce
695 1102 914 1164 (quibus
939 1101 1092 1163 egeo)
1117 1101 1263 1151 unde
1285 1119 1551 1165 promam.

575 1180 692 1241 Tyr.
723 1178 869 1241 Quid
892 1185 1085 1228 terram
1111 1185 1320 1241 spectas
1344 1171 1575 1228 stolide?
1607 1179 1737 1228 Non
1769 1179 1933 1228 habet
1965 1179 2080 1229 haec
2114 1186 2170 1228 vt
2227 1226 2232 1230 ,

510 1257 641 1314 auri,
670 1256 746 1304 sic
771 1256 970 1318 ingenij
991 1254 1257 1304 fodinam.
1286 1256 1447 1317 Erige
1472 1262 1653 1317 caput.
1683 1255 1812 1317 [104]

569 1334 693 1394 Pog.
723 1333 888 1391 Hem,
916 1333 1133 1394 aperite,
1161 1333 1347 1392 ecquis
1369 1332 1459 1382 hic
1482 1333 1626 1382 intus
1651 1332 1767 1381 est?

573 1410 684 1458 Cro,
715 1410 795 1458 Ita
819 1426 906 1458 me
931 1409 1270 1468 interturbas,
1296 1409 1569 1471 pessime?

570 1487 694 1548 Pog.
720 1486 884 1535 Volui
924 1485 1198 1546 quendam
1234 1485 1524 1534 convenire
1563 1502 1627 1534 ex
1667 1485 2036 1545 Senatoribus,
2074 1487 2170 1546 qui

508 1564 652 1612 intus
698 1563 1022 1612 consultant.
1076 1563 1215 1612 Muti
1255 1561 1461 1611 sedent.
1506 1562 1660 1611 Certe
1705 1563 1762 1612 in
1803 1562 2005 1612 Senatu
2050 1563 2168 1624 ipso

343 1640 464 1689 1830
508 1638 801 1698 dormiunt,
827 1641 976 1688 velut
998 1639 1330 1700 Aldermannj.

342 2021 460 2070 1835

341 2406 461 2467 1840

341 2786 459 2848 1845

571 1716 682 1766 Cro.
732 1717 803 1764 Et
851 1732 938 1764 me
980 1716 1193 1764 Herum
1234 1732 1350 1763 esse
1384 1731 1497 1764 non
1536 1715 1845 1774 meministi,
1884 1715 2170 1777 improbe?

508 1792 794 1841 Parabitur
833 1792 903 1841 ob
943 1793 1042 1840 ista
1081 1791 1179 1840 tibi
1223 1808 1253 1840 a
1294 1808 1380 1840 me
1421 1808 1567 1850 crux,
1610 1790 1653 1838 δε
1692 1790 2165 1854 colli-frangibulum.

508 1870 709 1918 Iterum
749 1885 992 1931 propone
1036 1870 1216 1930 Magne
1257 1868 1415 1916 Caesar
1459 1868 1759 1929 negotium,
1808 1875 1866 1917 ut
1910 1867 2169 1918 deliberet

504 1946 719 1994 Senatus.
748 1945 888 2004 Eho,
915 1951 1056 1994 recte
1089 1961 1289 2002 narras,
1316 1945 1494 2006 placet
1524 1944 1755 1993 brevitas
1792 1945 2164 2007 Imperatoria.

565 2023 689 2084 Pog.
735 2022 963 2071 Crucem
1004 2021 1305 2070 minitaris?
1351 2020 1714 2082 Sepulchrum
1752 2020 1858 2070 hoc
1906 2021 2164 2083 Majorum

506 2115 750 2148 meorum
801 2115 811 2147 :
861 2098 1129 2148 Crucem?
1175 2097 1536 2160 Suspendium
1576 2097 1710 2146 mihi
1755 2097 2163 2160 compendium.

509 2176 729 2224 Interim
770 2191 983 2235 nequeo
1024 2175 1150 2224 satis
1189 2180 1338 2223 tuam
1378 2175 1562 2235 lugere
1602 2179 1816 2233 sortem,
1863 2175 2027 2232 Here,
2071 2175 2165 2235 qui

504 2251 737 2300 amando
774 2251 1053 2300 cerebrum
1088 2250 1372 2309 defloccas,
1401 2249 1444 2297 &
1478 2255 1754 2300 exenteras
1784 2267 1915 2315 epar
1943 2267 1953 2298 ε
1982 2251 2165 2300 Exuas

505 2329 659 2377 istam
680 2328 999 2378 muliebrem
1019 2334 1274 2386 mentem,
1296 2326 1339 2375 &
1353 2326 1576 2388 aliquod
1592 2327 1928 2377 Herculeum
1944 2327 2164 2389 aggred-

505 2405 927 2468 iamurfacinus.
1752 2417 1754 2419 ’

567 2482 678 2531 Cro.
708 2482 856 2544 Quin
878 2481 976 2530 tibi
1002 2482 1089 2543 Dij
1118 2497 1306 2530 omnes
1330 2479 1558 2542 dignum
1582 2481 1804 2530 exitium
1839 2479 1985 2529 dent.
2015 2480 2164 2543 Quid

502 2557 707 2607 dictant
731 2559 964 2615 Consules,
989 2558 1211 2620 strepitu
1235 2557 1479 2607 turbatus
1503 2562 1615 2617 tu0,
1637 2573 1705 2606 ne
1729 2556 1914 2606 audire
1939 2555 2161 2617 quidem

504 2651 663 2695 queo.
692 2634 799 2683 Sed
822 2635 1026 2696 pergite
1046 2635 1159 2697 jam
1183 2651 1347 2684 nune.
1376 2633 1505 2695 [105]

563 2712 687 2774 Pog.
712 2713 922 2761 Aurum
961 2711 1108 2760 Here
1138 2711 1439 2773 (metallum
1472 2709 1973 2772 praestantissimum
1997 2708 2040 2756 &
2068 2725 2163 2771 op-

503 2787 632 2836 time
657 2787 724 2836 de
748 2788 1014 2850 republica
1047 2786 1308 2849 meritum)
1333 2804 1361 2836 e
1385 2787 1595 2846 vinclis,
1622 2803 1651 2835 e
1675 2802 1904 2844 carcere,
1935 2802 1963 2834 e
1989 2791 2162 2835 custo·

504 2862 592 2915 dia
631 2865 1057 2914 avarissimorum
1100 2863 1376 2913 hominum
1420 2862 1711 2912 liberemus
1755 2862 1995 2923 ingenio,
2043 2862 2161 2910 viri-

502 2939 698 3001 busque
721 2940 916 2990 nostris
939 2957 950 2988 z
972 2939 1115 2989 Tum
1141 2940 1317 2988 Genio
1332 2939 1564 2989 suaviter
1587 2937 1983 3000 indulgeamus,
2001 2936 2162 2987 corda

504 3015 866 3066 refocillemus
880 3016 1240 3079 applicatione
1260 3015 1370 3064 vini
1390 3013 1558 3077 (quod
1577 3020 1657 3063 est
1673 3030 1766 3063 cos
1788 3013 2160 3075 Fortitudinis)

503 3092 847 3143 mandibulas
881 3093 1042 3142 etiam
1078 3108 1438 3150 exerceamus,
1477 3096 1701 3153 oportet,
1738 3106 1806 3139 ne
1845 3090 2036 3151 rubigo
2072 3106 2160 3138 eas

343 3166 463 3215 1850
506 3168 725 3218 inficiat.
755 3168 902 3232 Quid
925 3175 983 3219 tu
1007 3167 1076 3218 ad
1110 3169 1226 3227 ista,
1255 3168 1347 3228 qui
1380 3168 1622 3230 palatum
1656 3166 1824 3216 habes
1859 3167 2090 3228 sapiens,
2117 3165 2160 3213 &

503 3251 741 3294 ventrem
766 3244 1200 3308 sesquipedalem
1220 3245 1238 3292 ?

566 3322 685 3382 Tyr.
711 3321 816 3372 Tui
840 3322 1028 3372 dentes
1047 3320 1266 3372 edentes
1285 3337 1494 3383 semper
1512 3324 1654 3379 sunt,
1676 3319 1719 3368 &
1737 3319 1924 3382 lingua
1942 3319 2154 3381 lingens
