<?xml version="1.0" encoding="UTF-8"?>
<!DOCTYPE html PUBLIC "-//W3C//DTD XHTML 1.0 Transitional//EN"
    "http://www.w3.org/TR/xhtml1/DTD/xhtml1-transitional.dtd">
<html xmlns="http://www.w3.org/1999/xhtml" xml:lang="en" lang="en">
 <head>
  <title>
</title>
<meta http-equiv="Content-Type" content="text/html;charset=utf-8" />
  <meta name='ocr-system' content='tesseract 3.04.00' />
  <meta name='ocr-capabilities' content='ocr_page ocr_carea ocr_par ocr_line ocrx_word'/>
</head>
<body>
  <div class='ocr_page' id='page_1' title='image "./pedantiuslatinco00forsuoft_0207.png"; bbox 0 0 2444 4140; ppageno 0'>
   <div class='ocr_carea' id='block_1_1' title="bbox 2006 193 2099 248">
    <p class='ocr_par' dir='ltr' id='par_1_1' title="bbox 2006 193 2099 248">
     <span class='ocr_line' id='line_1_1' title="bbox 2006 193 2099 248; baseline -0.011 -14"><span class='ocrx_word' id='word_1_1' title='bbox 2006 193 2099 248; x_wconf 92' lang='lat'><em>141</em></span> 
     </span>
    </p>
   </div>
   <div class='ocr_carea' id='block_1_2' title="bbox 135 331 2104 1069">
    <p class='ocr_par' dir='ltr' id='par_1_2' title="bbox 136 331 738 376">
     <span class='ocr_line' id='line_1_2' title="bbox 136 331 738 376; baseline 0.003 -4"><span class='ocrx_word' id='word_1_2' title='bbox 136 336 277 373; x_wconf 77' lang='grc'><strong>2015</strong></span> <span class='ocrx_word' id='word_1_3' title='bbox 299 332 414 375; x_wconf 83' lang='lat' dir='ltr'><em>Ante</em></span> <span class='ocrx_word' id='word_1_4' title='bbox 434 331 588 375; x_wconf 83' lang='lat' dir='ltr'><em>obitum</em></span> <span class='ocrx_word' id='word_1_5' title='bbox 605 346 738 376; x_wconf 90' lang='lat' dir='ltr'><em>nemo.</em></span> 
     </span>
    </p>

    <p class='ocr_par' dir='ltr' id='par_1_3' title="bbox 300 398 2098 522">
     <span class='ocr_line' id='line_1_3' title="bbox 300 398 2098 454; baseline 0 -11"><span class='ocrx_word' id='word_1_6' title='bbox 300 398 443 448; x_wconf 89' lang='lat' dir='ltr'><em>Ovid,</em></span> <span class='ocrx_word' id='word_1_7' title='bbox 466 400 576 443; x_wconf 88' lang='lat' dir='ltr'><em>Met.</em></span> <span class='ocrx_word' id='word_1_8' title='bbox 602 399 693 442; x_wconf 92' lang='lat' dir='ltr'><em>III.</em></span> <span class='ocrx_word' id='word_1_9' title='bbox 720 405 795 443; x_wconf 84' lang='lat'><em>135</em></span> <span class='ocrx_word' id='word_1_10' title='bbox 829 414 838 442; x_wconf 77' lang='grc' dir='ltr'>ε</span> <span class='ocrx_word' id='word_1_11' title='bbox 871 399 1044 442; x_wconf 88' lang='lat' dir='ltr'><em>ultima</em></span> <span class='ocrx_word' id='word_1_12' title='bbox 1073 412 1269 454; x_wconf 82' lang='lat' dir='ltr'><strong>semper</strong></span> <span class='ocrx_word' id='word_1_13' title='bbox 1300 399 1625 453; x_wconf 87' lang='lat' dir='ltr'><em>Expectanda</em></span> <span class='ocrx_word' id='word_1_14' title='bbox 1656 398 1762 442; x_wconf 88' lang='lat' dir='ltr'><em>dies</em></span> <span class='ocrx_word' id='word_1_15' title='bbox 1791 399 1978 443; x_wconf 90' lang='lat' dir='ltr'><em>homini</em></span> <span class='ocrx_word' id='word_1_16' title='bbox 2009 404 2098 448; x_wconf 90' lang='lat' dir='ltr'><em>est,</em></span> 
     </span>
     <span class='ocr_line' id='line_1_4' title="bbox 353 465 2026 522; baseline -0.001 -11"><span class='ocrx_word' id='word_1_17' title='bbox 353 468 548 522; x_wconf 88' lang='lat' dir='ltr'><em>dicique</em></span> <span class='ocrx_word' id='word_1_18' title='bbox 570 466 744 510; x_wconf 83' lang='lat' dir='ltr'><em>beatus</em></span> <span class='ocrx_word' id='word_1_19' title='bbox 767 467 898 511; x_wconf 90' lang='lat' dir='ltr'><em>Ante</em></span> <span class='ocrx_word' id='word_1_20' title='bbox 919 465 1108 511; x_wconf 91' lang='lat' dir='ltr'><em>obitum</em></span> <span class='ocrx_word' id='word_1_21' title='bbox 1129 481 1290 516; x_wconf 91' lang='lat' dir='ltr'><em>nemo,</em></span> <span class='ocrx_word' id='word_1_22' title='bbox 1315 481 1646 522; x_wconf 81' lang='lat' dir='ltr'><em>supremaque</em></span> <span class='ocrx_word' id='word_1_23' title='bbox 1666 466 1840 511; x_wconf 85' lang='lat' dir='ltr'><em>funera</em></span> <span class='ocrx_word' id='word_1_24' title='bbox 1862 467 2026 511; x_wconf 88' lang='lat' dir='ltr'><em>debet.</em></span> 
     </span>
    </p>

    <p class='ocr_par' dir='ltr' id='par_1_4' title="bbox 297 534 2000 592">
     <span class='ocr_line' id='line_1_5' title="bbox 297 534 2000 592; baseline 0 -12"><span class='ocrx_word' id='word_1_25' title='bbox 297 535 403 580; x_wconf 94' lang='lat' dir='ltr'><em>The</em></span> <span class='ocrx_word' id='word_1_26' title='bbox 426 541 561 591; x_wconf 81' lang='lat' dir='ltr'>story</span> <span class='ocrx_word' id='word_1_27' title='bbox 582 534 636 579; x_wconf 84' lang='lat' dir='ltr'><em>of</em></span> <span class='ocrx_word' id='word_1_28' title='bbox 651 534 808 579; x_wconf 85' lang='lat' dir='ltr'><em>Solon</em></span> <span class='ocrx_word' id='word_1_29' title='bbox 829 535 868 579; x_wconf 90' lang='lat'>&amp;</span> <span class='ocrx_word' id='word_1_30' title='bbox 889 535 1090 581; x_wconf 84' lang='lat' dir='ltr'>Croesus</span> <span class='ocrx_word' id='word_1_31' title='bbox 1112 539 1154 579; x_wconf 91' lang='lat' dir='ltr'><em>is</em></span> <span class='ocrx_word' id='word_1_32' title='bbox 1175 535 1280 580; x_wconf 92' lang='lat' dir='ltr'><em>told</em></span> <span class='ocrx_word' id='word_1_33' title='bbox 1300 536 1563 592; x_wconf 81' lang='lat' dir='ltr'>originally</span> <span class='ocrx_word' id='word_1_34' title='bbox 1584 539 1634 579; x_wconf 91' lang='lat' dir='ltr'><em>in</em></span> <span class='ocrx_word' id='word_1_35' title='bbox 1657 536 1843 580; x_wconf 88' lang='lat' dir='ltr'><em>Herod.</em></span> <span class='ocrx_word' id='word_1_36' title='bbox 1871 537 1907 579; x_wconf 92' lang='lat' dir='ltr'><em>I.</em></span> <span class='ocrx_word' id='word_1_37' title='bbox 1933 543 2000 580; x_wconf 84' lang='lat'><em>86.</em></span> 
     </span>
    </p>

    <p class='ocr_par' dir='ltr' id='par_1_5' title="bbox 300 603 2104 795">
     <span class='ocr_line' id='line_1_6' title="bbox 300 603 2103 658; baseline 0.001 -11"><span class='ocrx_word' id='word_1_38' title='bbox 300 604 360 648; x_wconf 87' lang='lat' dir='ltr'><em>R.</em></span> <span class='ocrx_word' id='word_1_39' title='bbox 386 604 703 652; x_wconf 82' lang='lat' dir='ltr'><em>Brathwaite,</em></span> <span class='ocrx_word' id='word_1_40' title='bbox 726 605 923 648; x_wconf 86' lang='lat' dir='ltr'><em>Natures</em></span> <span class='ocrx_word' id='word_1_41' title='bbox 942 603 1167 648; x_wconf 84' lang='lat' dir='ltr'><em>Embassie</em></span> <span class='ocrx_word' id='word_1_42' title='bbox 1189 618 1235 658; x_wconf 88' lang='lat' dir='ltr'><em>p.</em></span> <span class='ocrx_word' id='word_1_43' title='bbox 1262 620 1327 658; x_wconf 93' lang='lat'><em>17,</em></span> <span class='ocrx_word' id='word_1_44' title='bbox 1350 608 1517 648; x_wconf 82' lang='lat' dir='ltr'>writes</span> <span class='ocrx_word' id='word_1_45' title='bbox 1547 603 1601 648; x_wconf 85' lang='lat' dir='ltr'><em>of</em></span> <span class='ocrx_word' id='word_1_46' title='bbox 1626 603 1826 650; x_wconf 87' lang='lat' dir='ltr'><em>Croesus</em></span> <span class='ocrx_word' id='word_1_47' title='bbox 1847 616 1857 645; x_wconf 74' lang='grc' dir='ltr'>ε</span> <span class='ocrx_word' id='word_1_48' title='bbox 1885 604 1949 647; x_wconf 90' lang='lat' dir='ltr'><em>he</em></span> <span class='ocrx_word' id='word_1_49' title='bbox 1967 603 2103 648; x_wconf 91' lang='lat' dir='ltr'><em>cried</em></span> 
     </span>
     <span class='ocr_line' id='line_1_7' title="bbox 353 672 2104 729; baseline 0.001 -14"><span class='ocrx_word' id='word_1_50' title='bbox 353 672 482 716; x_wconf 82' lang='lat' dir='ltr'><em>forth</em></span> <span class='ocrx_word' id='word_1_51' title='bbox 520 686 529 715; x_wconf 74' lang='grc' dir='ltr'>ε</span> <span class='ocrx_word' id='word_1_52' title='bbox 567 672 607 715; x_wconf 88' lang='grc' dir='ltr'><em>Ο</em></span> <span class='ocrx_word' id='word_1_53' title='bbox 642 672 784 722; x_wconf 86' lang='lat' dir='ltr'><em>Solon,</em></span> <span class='ocrx_word' id='word_1_54' title='bbox 826 673 952 715; x_wconf 86' lang='lat' dir='ltr'><em>Solon</em></span> <span class='ocrx_word' id='word_1_55' title='bbox 986 687 1086 716; x_wconf 87' lang='lat' dir='ltr'><em>vera</em></span> <span class='ocrx_word' id='word_1_56' title='bbox 1115 675 1222 729; x_wconf 12' lang='lat' dir='ltr'><em>‘sunt</em></span> <span class='ocrx_word' id='word_1_57' title='bbox 1258 687 1350 727; x_wconf 79' lang='lat' dir='ltr'><em>quae</em></span> <span class='ocrx_word' id='word_1_58' title='bbox 1387 673 1535 717; x_wconf 79' lang='lat' dir='ltr'><strong><em>dixisti</em></strong></span> <span class='ocrx_word' id='word_1_59' title='bbox 1570 673 1777 717; x_wconf 84' lang='lat' dir='ltr'><em>neminem</em></span> <span class='ocrx_word' id='word_1_60' title='bbox 1815 675 1911 716; x_wconf 87' lang='lat' dir='ltr'><em>ante</em></span> <span class='ocrx_word' id='word_1_61' title='bbox 1948 672 2104 717; x_wconf 85' lang='lat' dir='ltr'><em>obitum</em></span> 
     </span>
     <span class='ocr_line' id='line_1_8' title="bbox 339 739 1173 795; baseline -0.006 -12"><span class='ocrx_word' id='word_1_62' title='bbox 339 739 540 795; x_wconf 82' lang='lat' dir='ltr'><em>foelicem.</em></span> <span class='ocrx_word' id='word_1_63' title='bbox 1169 773 1173 778; x_wconf 83' lang='grc'><em>.</em></span> 
     </span>
    </p>

    <p class='ocr_par' dir='ltr' id='par_1_6' title="bbox 135 808 1251 863">
     <span class='ocr_line' id='line_1_9' title="bbox 135 808 1251 863; baseline 0 -14"><span class='ocrx_word' id='word_1_64' title='bbox 135 814 278 850; x_wconf 91' lang='grc'><strong>2020</strong></span> <span class='ocrx_word' id='word_1_65' title='bbox 307 811 354 852; x_wconf 81' lang='lat' dir='ltr'><em>ut</em></span> <span class='ocrx_word' id='word_1_66' title='bbox 372 808 566 852; x_wconf 80' lang='lat' dir='ltr'><em>haberem</em></span> <span class='ocrx_word' id='word_1_67' title='bbox 586 822 680 852; x_wconf 89' lang='lat' dir='ltr'><em>cum</em></span> <span class='ocrx_word' id='word_1_68' title='bbox 701 808 890 863; x_wconf 76' lang='lat' dir='ltr'><em>Regibus</em></span> <span class='ocrx_word' id='word_1_69' title='bbox 911 808 1061 863; x_wconf 83' lang='lat' dir='ltr'><em>longas</em></span> <span class='ocrx_word' id='word_1_70' title='bbox 1083 823 1251 853; x_wconf 87' lang='lat' dir='ltr'><em>manus.</em></span> 
     </span>
    </p>

    <p class='ocr_par' dir='ltr' id='par_1_7' title="bbox 300 876 1924 933">
     <span class='ocr_line' id='line_1_10' title="bbox 300 876 1924 933; baseline 0 -11"><span class='ocrx_word' id='word_1_71' title='bbox 300 876 392 922; x_wconf 88' lang='lat' dir='ltr'><em>Ov.</em></span> <span class='ocrx_word' id='word_1_72' title='bbox 415 879 531 920; x_wconf 87' lang='lat' dir='ltr'><em>Her.</em></span> <span class='ocrx_word' id='word_1_73' title='bbox 555 877 716 920; x_wconf 89' lang='lat' dir='ltr'>XVII.</span> <span class='ocrx_word' id='word_1_74' title='bbox 743 884 820 920; x_wconf 85' lang='lat'><em>166</em></span> <span class='ocrx_word' id='word_1_75' title='bbox 839 889 848 918; x_wconf 90' lang='lat'>:</span> <span class='ocrx_word' id='word_1_76' title='bbox 872 877 953 921; x_wconf 92' lang='lat' dir='ltr'><em>An</em></span> <span class='ocrx_word' id='word_1_77' title='bbox 973 881 1138 920; x_wconf 89' lang='lat' dir='ltr'><em>nescis</em></span> <span class='ocrx_word' id='word_1_78' title='bbox 1161 878 1336 933; x_wconf 88' lang='lat' dir='ltr'><em>longas</em></span> <span class='ocrx_word' id='word_1_79' title='bbox 1358 876 1556 933; x_wconf 75' lang='lat' dir='ltr'><em>regibus</em></span> <span class='ocrx_word' id='word_1_80' title='bbox 1579 892 1690 922; x_wconf 89' lang='lat' dir='ltr'><em>esse</em></span> <span class='ocrx_word' id='word_1_81' title='bbox 1711 892 1887 922; x_wconf 88' lang='lat' dir='ltr'><em>manus</em></span> <span class='ocrx_word' id='word_1_82' title='bbox 1909 882 1924 922; x_wconf 89' lang='lat'>?</span> 
     </span>
    </p>

    <p class='ocr_par' dir='ltr' id='par_1_8' title="bbox 298 944 2100 1069">
     <span class='ocr_line' id='line_1_11' title="bbox 298 944 2100 1004; baseline 0.001 -15"><span class='ocrx_word' id='word_1_83' title='bbox 298 944 388 1002; x_wconf 90' lang='lat' dir='ltr'><em>Cp.</em></span> <span class='ocrx_word' id='word_1_84' title='bbox 413 944 623 993; x_wconf 88' lang='lat' dir='ltr'><em>Greene,</em></span> <span class='ocrx_word' id='word_1_85' title='bbox 647 946 845 999; x_wconf 65' lang='lat' dir='ltr'><em>Sehmus,</em></span> <span class='ocrx_word' id='word_1_86' title='bbox 869 961 976 1001; x_wconf 89' lang='lat'>2240</span> <span class='ocrx_word' id='word_1_87' title='bbox 1000 960 1009 989; x_wconf 74' lang='grc' dir='ltr'>ε</span> <span class='ocrx_word' id='word_1_88' title='bbox 1035 946 1260 990; x_wconf 85' lang='lat' dir='ltr'><em>Know’st</em></span> <span class='ocrx_word' id='word_1_89' title='bbox 1289 946 1409 990; x_wconf 90' lang='lat' dir='ltr'><em>thou</em></span> <span class='ocrx_word' id='word_1_90' title='bbox 1439 953 1541 999; x_wconf 89' lang='lat' dir='ltr'><em>not,</em></span> <span class='ocrx_word' id='word_1_91' title='bbox 1565 945 1784 1003; x_wconf 88' lang='lat' dir='ltr'><em>Solyma,</em></span> <span class='ocrx_word' id='word_1_92' title='bbox 1807 947 1950 1004; x_wconf 88' lang='lat' dir='ltr'><em>kings</em></span> <span class='ocrx_word' id='word_1_93' title='bbox 1971 946 2100 991; x_wconf 86' lang='lat' dir='ltr'><em>have</em></span> 
     </span>
     <span class='ocr_line' id='line_1_12' title="bbox 352 1014 688 1069; baseline -0.003 -11"><span class='ocrx_word' id='word_1_94' title='bbox 352 1014 469 1069; x_wconf 90' lang='lat' dir='ltr'><em>long</em></span> <span class='ocrx_word' id='word_1_95' title='bbox 489 1014 648 1057; x_wconf 84' lang='lat' dir='ltr'><em>hands</em></span> <span class='ocrx_word' id='word_1_96' title='bbox 673 1018 688 1057; x_wconf 86' lang='lat'>?</span> 
     </span>
    </p>
   </div>
   <div class='ocr_carea' id='block_1_3' title="bbox 70 1083 1398 1138">
    <p class='ocr_par' dir='ltr' id='par_1_9' title="bbox 70 1083 1398 1138">
     <span class='ocr_line' id='line_1_13' title="bbox 70 1083 1398 1138; baseline 0.001 -14"><span class='ocrx_word' id='word_1_97' title='bbox 70 1096 77 1101; x_wconf 90' lang='lat'>·</span> <span class='ocrx_word' id='word_1_98' title='bbox 135 1089 277 1124; x_wconf 91' lang='grc'><strong>2021</strong></span> <span class='ocrx_word' id='word_1_99' title='bbox 312 1086 541 1138; x_wconf 73' lang='lat' dir='ltr'><em>reperirem</em></span> <span class='ocrx_word' id='word_1_100' title='bbox 562 1083 615 1125; x_wconf 60' lang='grc' dir='ltr'><em>ὧν</em></span> <span class='ocrx_word' id='word_1_101' title='bbox 633 1086 843 1138; x_wconf 79' lang='lat' dir='ltr'><em>raperem,</em></span> <span class='ocrx_word' id='word_1_102' title='bbox 867 1097 1051 1135; x_wconf 85' lang='lat' dir='ltr'><em>ruerem,</em></span> <span class='ocrx_word' id='word_1_103' title='bbox 1070 1086 1398 1138; x_wconf 74' lang='lat' dir='ltr'><em>prosternerem.</em></span> 
     </span>
    </p>
   </div>
   <div class='ocr_carea' id='block_1_4' title="bbox 133 1151 2109 3748">
    <p class='ocr_par' dir='ltr' id='par_1_10' title="bbox 299 1151 2106 1207">
     <span class='ocr_line' id='line_1_14' title="bbox 299 1151 2106 1207; baseline 0 -11"><span class='ocrx_word' id='word_1_104' title='bbox 299 1151 389 1206; x_wconf 91' lang='lat' dir='ltr'><em>Cp.</em></span> <span class='ocrx_word' id='word_1_105' title='bbox 413 1151 524 1195; x_wconf 87' lang='lat' dir='ltr'><em>Ter.</em></span> <span class='ocrx_word' id='word_1_106' title='bbox 557 1151 646 1195; x_wconf 83' lang='lat' dir='ltr'><em>Ad.</em></span> <span class='ocrx_word' id='word_1_107' title='bbox 680 1151 770 1195; x_wconf 93' lang='lat' dir='ltr'><em>III.</em></span> <span class='ocrx_word' id='word_1_108' title='bbox 804 1168 843 1197; x_wconf 89' lang='lat'><em>2.</em></span> <span class='ocrx_word' id='word_1_109' title='bbox 877 1168 925 1196; x_wconf 89' lang='lat'><em>21</em></span> <span class='ocrx_word' id='word_1_110' title='bbox 963 1167 971 1195; x_wconf 92' lang='lat'>:</span> <span class='ocrx_word' id='word_1_111' title='bbox 1004 1166 1214 1205; x_wconf 91' lang='lat' dir='ltr'><em>ruerem,</em></span> <span class='ocrx_word' id='word_1_112' title='bbox 1247 1165 1460 1206; x_wconf 82' lang='lat' dir='ltr'><em>agerem,</em></span> <span class='ocrx_word' id='word_1_113' title='bbox 1492 1166 1734 1207; x_wconf 85' lang='lat' dir='ltr'><em>raperem,</em></span> <span class='ocrx_word' id='word_1_114' title='bbox 1767 1152 2025 1197; x_wconf 85' lang='lat' dir='ltr'><em>tunderem</em></span> <span class='ocrx_word' id='word_1_115' title='bbox 2055 1157 2106 1196; x_wconf 92' lang='lat' dir='ltr'><em>et</em></span> 
     </span>
    </p>

    <p class='ocr_par' dir='ltr' id='par_1_11' title="bbox 134 1225 1761 1344">
     <span class='ocr_line' id='line_1_15' title="bbox 352 1225 1470 1279; baseline -0.002 -16"><span class='ocrx_word' id='word_1_116' title='bbox 352 1225 733 1276; x_wconf 80' lang='lat' dir='ltr'><em>prosternerem.</em></span> <span class='ocrx_word' id='word_1_117' title='bbox 1468 1277 1470 1279; x_wconf 21' lang='grc' dir='ltr'>Ι</span> 
     </span>
     <span class='ocr_line' id='line_1_16' title="bbox 134 1288 1761 1344; baseline 0.002 -16"><span class='ocrx_word' id='word_1_118' title='bbox 134 1294 282 1329; x_wconf 82' lang='grc'><strong>2020</strong></span> <span class='ocrx_word' id='word_1_119' title='bbox 311 1303 428 1331; x_wconf 87' lang='lat' dir='ltr'><em>nemo</em></span> <span class='ocrx_word' id='word_1_120' title='bbox 447 1288 683 1344; x_wconf 59' lang='lat' dir='ltr'><em>respublicae</em></span> <span class='ocrx_word' id='word_1_121' title='bbox 704 1290 899 1332; x_wconf 85' lang='lat' dir='ltr'><em>inimicus</em></span> <span class='ocrx_word' id='word_1_122' title='bbox 921 1291 994 1343; x_wconf 82' lang='lat' dir='ltr'><em>qui</em></span> <span class='ocrx_word' id='word_1_123' title='bbox 1015 1303 1098 1331; x_wconf 86' lang='lat' dir='ltr'><em>non</em></span> <span class='ocrx_word' id='word_1_124' title='bbox 1120 1290 1226 1332; x_wconf 87' lang='lat' dir='ltr'><em>idem</em></span> <span class='ocrx_word' id='word_1_125' title='bbox 1247 1290 1353 1332; x_wconf 80' lang='lat' dir='ltr'><em>mihi</em></span> <span class='ocrx_word' id='word_1_126' title='bbox 1374 1289 1522 1332; x_wconf 86' lang='lat' dir='ltr'><em>bellum</em></span> <span class='ocrx_word' id='word_1_127' title='bbox 1542 1290 1761 1334; x_wconf 73' lang='lat' dir='ltr'><em>indixerit.</em></span> 
     </span>
    </p>

    <p class='ocr_par' dir='ltr' id='par_1_12' title="bbox 298 1356 2106 1550">
     <span class='ocr_line' id='line_1_17' title="bbox 298 1356 2105 1415; baseline 0 -13"><span class='ocrx_word' id='word_1_128' title='bbox 298 1356 401 1402; x_wconf 89' lang='lat' dir='ltr'><em>Cic.</em></span> <span class='ocrx_word' id='word_1_129' title='bbox 426 1357 643 1413; x_wconf 76' lang='lat' dir='ltr'><em>Philippic</em></span> <span class='ocrx_word' id='word_1_130' title='bbox 664 1357 710 1401; x_wconf 95' lang='lat' dir='ltr'><em>II</em></span> <span class='ocrx_word' id='word_1_131' title='bbox 735 1371 891 1411; x_wconf 89' lang='lat' dir='ltr'><em>opens</em></span> <span class='ocrx_word' id='word_1_132' title='bbox 918 1372 926 1401; x_wconf 93' lang='lat'><strong>:</strong></span> <span class='ocrx_word' id='word_1_133' title='bbox 953 1357 1183 1415; x_wconf 71' lang='lat' dir='ltr'><em>Quonam</em></span> <span class='ocrx_word' id='word_1_134' title='bbox 1203 1372 1316 1402; x_wconf 91' lang='lat' dir='ltr'><em>meo</em></span> <span class='ocrx_word' id='word_1_135' title='bbox 1342 1357 1459 1406; x_wconf 89' lang='lat' dir='ltr'><em>fato,</em></span> <span class='ocrx_word' id='word_1_136' title='bbox 1492 1364 1661 1415; x_wconf 81' lang='lat' dir='ltr'><em>patres</em></span> <span class='ocrx_word' id='word_1_137' title='bbox 1690 1361 1974 1413; x_wconf 84' lang='lat' dir='ltr'><em>conscripti,</em></span> <span class='ocrx_word' id='word_1_138' title='bbox 1997 1358 2105 1402; x_wconf 90' lang='lat' dir='ltr'><em>fieri</em></span> 
     </span>
     <span class='ocr_line' id='line_1_18' title="bbox 353 1425 2106 1482; baseline 0.001 -13"><span class='ocrx_word' id='word_1_139' title='bbox 353 1425 531 1478; x_wconf 87' lang='lat' dir='ltr'><em>dicam,</em></span> <span class='ocrx_word' id='word_1_140' title='bbox 555 1433 606 1468; x_wconf 89' lang='lat' dir='ltr'><em>ut</em></span> <span class='ocrx_word' id='word_1_141' title='bbox 627 1439 773 1469; x_wconf 93' lang='lat' dir='ltr'><em>nemo</em></span> <span class='ocrx_word' id='word_1_142' title='bbox 794 1426 871 1469; x_wconf 90' lang='lat' dir='ltr'><em>his</em></span> <span class='ocrx_word' id='word_1_143' title='bbox 901 1430 1042 1470; x_wconf 88' lang='lat' dir='ltr'><em>annis</em></span> <span class='ocrx_word' id='word_1_144' title='bbox 1074 1430 1246 1481; x_wconf 87' lang='lat' dir='ltr'><em>viginti</em></span> <span class='ocrx_word' id='word_1_145' title='bbox 1278 1430 1347 1470; x_wconf 89' lang='lat' dir='ltr'><em>rei</em></span> <span class='ocrx_word' id='word_1_146' title='bbox 1379 1427 1609 1481; x_wconf 83' lang='lat' dir='ltr'><em>publicae</em></span> <span class='ocrx_word' id='word_1_147' title='bbox 1640 1426 1784 1470; x_wconf 89' lang='lat' dir='ltr'><em>fuerit</em></span> <span class='ocrx_word' id='word_1_148' title='bbox 1812 1427 1987 1480; x_wconf 89' lang='lat' dir='ltr'><em>hostis,</em></span> <span class='ocrx_word' id='word_1_149' title='bbox 2020 1431 2106 1482; x_wconf 91' lang='lat' dir='ltr'><em>qui</em></span> 
     </span>
     <span class='ocr_line' id='line_1_19' title="bbox 353 1494 1744 1550; baseline 0.001 -13"><span class='ocrx_word' id='word_1_150' title='bbox 353 1508 453 1538; x_wconf 90' lang='lat' dir='ltr'><em>non</em></span> <span class='ocrx_word' id='word_1_151' title='bbox 475 1494 661 1537; x_wconf 90' lang='lat' dir='ltr'><em>bellum</em></span> <span class='ocrx_word' id='word_1_152' title='bbox 682 1494 858 1538; x_wconf 91' lang='lat' dir='ltr'><em>eodem</em></span> <span class='ocrx_word' id='word_1_153' title='bbox 878 1499 1102 1549; x_wconf 86' lang='lat' dir='ltr'><em>tempore</em></span> <span class='ocrx_word' id='word_1_154' title='bbox 1123 1495 1242 1538; x_wconf 92' lang='lat' dir='ltr'><em>mihi</em></span> <span class='ocrx_word' id='word_1_155' title='bbox 1264 1509 1463 1550; x_wconf 90' lang='lat' dir='ltr'><em>quoque</em></span> <span class='ocrx_word' id='word_1_156' title='bbox 1484 1494 1744 1539; x_wconf 86' lang='lat' dir='ltr'><em>indixerit?</em></span> 
     </span>
    </p>

    <p class='ocr_par' dir='ltr' id='par_1_13' title="bbox 133 1566 720 1617">
     <span class='ocr_line' id='line_1_20' title="bbox 133 1566 720 1617; baseline 0.005 -14"><span class='ocrx_word' id='word_1_157' title='bbox 133 1568 276 1604; x_wconf 84' lang='grc'><strong>2029</strong></span> <span class='ocrx_word' id='word_1_158' title='bbox 306 1578 357 1606; x_wconf 90' lang='lat' dir='ltr'><em>ne</em></span> <span class='ocrx_word' id='word_1_159' title='bbox 376 1566 474 1606; x_wconf 76' lang='lat' dir='ltr'><em>saevz&#39;</em></span> <span class='ocrx_word' id='word_1_160' title='bbox 493 1566 720 1617; x_wconf 76' lang='lat' dir='ltr'><em>tantopere.</em></span> 
     </span>
    </p>

    <p class='ocr_par' dir='ltr' id='par_1_14' title="bbox 134 1630 923 1756">
     <span class='ocr_line' id='line_1_21' title="bbox 298 1630 795 1686; baseline -0.006 -10"><span class='ocrx_word' id='word_1_161' title='bbox 298 1630 409 1676; x_wconf 83' lang='lat' dir='ltr'><em>Ter.</em></span> <span class='ocrx_word' id='word_1_162' title='bbox 433 1632 554 1675; x_wconf 86' lang='lat' dir='ltr'><em>And.</em></span> <span class='ocrx_word' id='word_1_163' title='bbox 580 1632 639 1675; x_wconf 88' lang='lat' dir='ltr'><em>V.</em></span> <span class='ocrx_word' id='word_1_164' title='bbox 663 1647 702 1676; x_wconf 87' lang='lat'><em>2.</em></span> <span class='ocrx_word' id='word_1_165' title='bbox 729 1648 795 1686; x_wconf 89' lang='lat'><em>27.</em></span> 
     </span>
     <span class='ocr_line' id='line_1_22' title="bbox 134 1701 923 1756; baseline 0 -15"><span class='ocrx_word' id='word_1_166' title='bbox 134 1706 278 1742; x_wconf 91' lang='grc'><strong>2032</strong></span> <span class='ocrx_word' id='word_1_167' title='bbox 304 1704 478 1756; x_wconf 73' lang='lat' dir='ltr'><em>proprio</em></span> <span class='ocrx_word' id='word_1_168' title='bbox 498 1716 561 1744; x_wconf 88' lang='lat' dir='ltr'><em>me</em></span> <span class='ocrx_word' id='word_1_169' title='bbox 577 1701 721 1756; x_wconf 84' lang='lat' dir='ltr'><em>gladio</em></span> <span class='ocrx_word' id='word_1_170' title='bbox 730 1701 923 1755; x_wconf 80' lang='lat' dir='ltr'><em>jugulat.</em></span> 
     </span>
    </p>

    <p class='ocr_par' dir='ltr' id='par_1_15' title="bbox 136 1768 1557 1893">
     <span class='ocr_line' id='line_1_23' title="bbox 298 1768 1557 1825; baseline -0.002 -11"><span class='ocrx_word' id='word_1_171' title='bbox 298 1768 410 1814; x_wconf 89' lang='lat' dir='ltr'><em>Ter.</em></span> <span class='ocrx_word' id='word_1_172' title='bbox 433 1770 523 1813; x_wconf 68' lang='lat' dir='ltr'><em>Ad.</em></span> <span class='ocrx_word' id='word_1_173' title='bbox 548 1769 608 1813; x_wconf 88' lang='lat' dir='ltr'><em>V.</em></span> <span class='ocrx_word' id='word_1_174' title='bbox 634 1777 672 1812; x_wconf 90' lang='lat'><em>8.</em></span> <span class='ocrx_word' id='word_1_175' title='bbox 693 1775 742 1812; x_wconf 86' lang='lat'><em>35</em></span> <span class='ocrx_word' id='word_1_176' title='bbox 768 1783 778 1813; x_wconf 75' lang='grc' dir='ltr'>ε</span> <span class='ocrx_word' id='word_1_177' title='bbox 803 1783 894 1812; x_wconf 90' lang='lat' dir='ltr'><em>suo</em></span> <span class='ocrx_word' id='word_1_178' title='bbox 917 1768 1011 1812; x_wconf 90' lang='lat' dir='ltr'><em>sibi</em></span> <span class='ocrx_word' id='word_1_179' title='bbox 1031 1768 1198 1823; x_wconf 86' lang='lat' dir='ltr'><em>gladio</em></span> <span class='ocrx_word' id='word_1_180' title='bbox 1219 1769 1351 1812; x_wconf 92' lang='lat' dir='ltr'><em>hunc</em></span> <span class='ocrx_word' id='word_1_181' title='bbox 1372 1769 1557 1825; x_wconf 87' lang='lat' dir='ltr'><em>iugulo.</em></span> 
     </span>
     <span class='ocr_line' id='line_1_24' title="bbox 136 1837 1240 1893; baseline 0.003 -15"><span class='ocrx_word' id='word_1_182' title='bbox 136 1842 276 1878; x_wconf 76' lang='grc'><strong>2035</strong></span> <span class='ocrx_word' id='word_1_183' title='bbox 307 1841 475 1893; x_wconf 79' lang='lat' dir='ltr'><em>aperire</em></span> <span class='ocrx_word' id='word_1_184' title='bbox 482 1837 723 1893; x_wconf 84' lang='lat' dir='ltr'><em>fenestram</em></span> <span class='ocrx_word' id='word_1_185' title='bbox 743 1838 802 1880; x_wconf 88' lang='lat' dir='ltr'><em>ad</em></span> <span class='ocrx_word' id='word_1_186' title='bbox 819 1851 979 1881; x_wconf 86' lang='lat' dir='ltr'><em>omnem</em></span> <span class='ocrx_word' id='word_1_187' title='bbox 997 1841 1240 1892; x_wconf 78' lang='lat' dir='ltr'><em>nequitiam.</em></span> 
     </span>
    </p>

    <p class='ocr_par' dir='ltr' id='par_1_16' title="bbox 301 1905 2109 2031">
     <span class='ocr_line' id='line_1_25' title="bbox 301 1905 2109 1962; baseline 0.001 -12"><span class='ocrx_word' id='word_1_188' title='bbox 301 1905 413 1950; x_wconf 89' lang='lat' dir='ltr'><em>Ter.</em></span> <span class='ocrx_word' id='word_1_189' title='bbox 437 1908 600 1950; x_wconf 88' lang='lat' dir='ltr'><em>Heaut.</em></span> <span class='ocrx_word' id='word_1_190' title='bbox 627 1906 719 1950; x_wconf 90' lang='lat'><em>111.</em></span> <span class='ocrx_word' id='word_1_191' title='bbox 747 1923 783 1949; x_wconf 95' lang='lat'><em>1.</em></span> <span class='ocrx_word' id='word_1_192' title='bbox 809 1922 859 1959; x_wconf 91' lang='lat'><em>72</em></span> <span class='ocrx_word' id='word_1_193' title='bbox 885 1918 894 1946; x_wconf 74' lang='grc' dir='ltr'>ε</span> <span class='ocrx_word' id='word_1_194' title='bbox 920 1914 1155 1961; x_wconf 87' lang='lat' dir='ltr'><em>quantam</em></span> <span class='ocrx_word' id='word_1_195' title='bbox 1175 1905 1442 1950; x_wconf 81' lang='lat' dir='ltr'><em>fenestram</em></span> <span class='ocrx_word' id='word_1_196' title='bbox 1465 1907 1527 1950; x_wconf 90' lang='lat' dir='ltr'><em>ad</em></span> <span class='ocrx_word' id='word_1_197' title='bbox 1548 1910 1821 1961; x_wconf 81' lang='lat' dir='ltr'><em>nequitiam</em></span> <span class='ocrx_word' id='word_1_198' title='bbox 1843 1907 1915 1960; x_wconf 86' lang='lat' dir='ltr'><em>(al.</em></span> <span class='ocrx_word' id='word_1_199' title='bbox 1940 1911 2109 1962; x_wconf 85' lang='lat' dir='ltr'><em>nequi-</em></span> 
     </span>
     <span class='ocr_line' id='line_1_26' title="bbox 352 1974 827 2031; baseline 0 -13"><span class='ocrx_word' id='word_1_200' title='bbox 352 1975 488 2027; x_wconf 90' lang='lat' dir='ltr'><em>tiem)</em></span> <span class='ocrx_word' id='word_1_201' title='bbox 508 1974 802 2031; x_wconf 85' lang='lat' dir='ltr'><em>patefeceris</em></span> <span class='ocrx_word' id='word_1_202' title='bbox 820 1980 827 2018; x_wconf 77' lang='grc' dir='ltr'>Ι</span> 
     </span>
    </p>

    <p class='ocr_par' dir='ltr' id='par_1_17' title="bbox 136 2042 2109 2225">
     <span class='ocr_line' id='line_1_27' title="bbox 136 2042 1886 2098; baseline 0.002 -14"><span class='ocrx_word' id='word_1_203' title='bbox 136 2048 278 2084; x_wconf 80' lang='grc'><strong>2043</strong></span> <span class='ocrx_word' id='word_1_204' title='bbox 309 2047 368 2088; x_wconf 86' lang='lat' dir='ltr'><em>ita</em></span> <span class='ocrx_word' id='word_1_205' title='bbox 387 2058 482 2088; x_wconf 88' lang='lat' dir='ltr'><em>sum</em></span> <span class='ocrx_word' id='word_1_206' title='bbox 503 2047 715 2088; x_wconf 75' lang='lat' dir='ltr'><em>recreatus</em></span> <span class='ocrx_word' id='word_1_207' title='bbox 736 2047 780 2088; x_wconf 84' lang='lat' dir='ltr'><em>vt</em></span> <span class='ocrx_word' id='word_1_208' title='bbox 798 2044 905 2087; x_wconf 86' lang='lat' dir='ltr'><em>mihi</em></span> <span class='ocrx_word' id='word_1_209' title='bbox 923 2045 1045 2087; x_wconf 90' lang='lat' dir='ltr'><em>Deus</em></span> <span class='ocrx_word' id='word_1_210' title='bbox 1065 2044 1222 2098; x_wconf 80' lang='lat' dir='ltr'><em>aliquis</em></span> <span class='ocrx_word' id='word_1_211' title='bbox 1228 2042 1387 2098; x_wconf 88' lang='lat' dir='ltr'><em>fecisse</em></span> <span class='ocrx_word' id='word_1_212' title='bbox 1405 2044 1657 2088; x_wconf 80' lang='lat' dir='ltr'><em>medicinam</em></span> <span class='ocrx_word' id='word_1_213' title='bbox 1677 2044 1886 2088; x_wconf 86' lang='lat' dir='ltr'><em>videatur.</em></span> 
     </span>
     <span class='ocr_line' id='line_1_28' title="bbox 300 2111 2109 2167; baseline -0.001 -10"><span class='ocrx_word' id='word_1_214' title='bbox 300 2111 403 2157; x_wconf 91' lang='lat' dir='ltr'><em>Cic.</em></span> <span class='ocrx_word' id='word_1_215' title='bbox 426 2113 497 2155; x_wconf 83' lang='lat' dir='ltr'><em>ad.</em></span> <span class='ocrx_word' id='word_1_216' title='bbox 520 2114 651 2157; x_wconf 88' lang='lat' dir='ltr'><em>Fam.</em></span> <span class='ocrx_word' id='word_1_217' title='bbox 675 2112 809 2156; x_wconf 91' lang='lat' dir='ltr'><em>XIV.</em></span> <span class='ocrx_word' id='word_1_218' title='bbox 835 2128 857 2166; x_wconf 93' lang='lat'><strong>7</strong></span> <span class='ocrx_word' id='word_1_219' title='bbox 884 2124 893 2154; x_wconf 76' lang='grc' dir='ltr'><strong><em>ε</em></strong></span> <span class='ocrx_word' id='word_1_220' title='bbox 917 2116 985 2156; x_wconf 85' lang='lat' dir='ltr'><em>ita</em></span> <span class='ocrx_word' id='word_1_221' title='bbox 1007 2126 1113 2156; x_wconf 90' lang='lat' dir='ltr'><em>sum</em></span> <span class='ocrx_word' id='word_1_222' title='bbox 1135 2112 1327 2155; x_wconf 88' lang='lat' dir='ltr'><em>levatus</em></span> <span class='ocrx_word' id='word_1_223' title='bbox 1350 2117 1404 2156; x_wconf 91' lang='lat' dir='ltr'><em>ut</em></span> <span class='ocrx_word' id='word_1_224' title='bbox 1432 2112 1551 2156; x_wconf 91' lang='lat' dir='ltr'><em>mihi</em></span> <span class='ocrx_word' id='word_1_225' title='bbox 1583 2112 1722 2156; x_wconf 90' lang='lat' dir='ltr'><em>Deus</em></span> <span class='ocrx_word' id='word_1_226' title='bbox 1750 2112 1928 2167; x_wconf 81' lang='lat' dir='ltr'><em>aliquis</em></span> <span class='ocrx_word' id='word_1_227' title='bbox 1958 2112 2109 2157; x_wconf 90' lang='lat' dir='ltr'><em>medi-</em></span> 
     </span>
     <span class='ocr_line' id='line_1_29' title="bbox 355 2180 979 2225; baseline -0.002 -1"><span class='ocrx_word' id='word_1_228' title='bbox 355 2184 519 2224; x_wconf 89' lang='lat' dir='ltr'><em>cinam</em></span> <span class='ocrx_word' id='word_1_229' title='bbox 538 2180 716 2225; x_wconf 81' lang='lat' dir='ltr'><em>fecisse</em></span> <span class='ocrx_word' id='word_1_230' title='bbox 738 2180 979 2224; x_wconf 88' lang='lat' dir='ltr'><em>videatur.</em></span> 
     </span>
    </p>

    <p class='ocr_par' dir='ltr' id='par_1_18' title="bbox 136 2251 639 2304">
     <span class='ocr_line' id='line_1_30' title="bbox 136 2251 639 2304; baseline 0.006 -16"><span class='ocrx_word' id='word_1_231' title='bbox 136 2253 277 2290; x_wconf 80' lang='grc'><strong>2055</strong></span> <span class='ocrx_word' id='word_1_232' title='bbox 309 2251 478 2304; x_wconf 86' lang='lat' dir='ltr'><em>Arrige</em></span> <span class='ocrx_word' id='word_1_233' title='bbox 497 2264 639 2294; x_wconf 88' lang='lat' dir='ltr'><em>aures.</em></span> 
     </span>
    </p>

    <p class='ocr_par' dir='ltr' id='par_1_19' title="bbox 137 2317 795 2444">
     <span class='ocr_line' id='line_1_31' title="bbox 299 2317 795 2375; baseline -0.002 -12"><span class='ocrx_word' id='word_1_234' title='bbox 299 2317 412 2363; x_wconf 79' lang='lat' dir='ltr'><em>Ter.</em></span> <span class='ocrx_word' id='word_1_235' title='bbox 435 2319 556 2363; x_wconf 75' lang='lat' dir='ltr'><em>And.</em></span> <span class='ocrx_word' id='word_1_236' title='bbox 579 2318 640 2362; x_wconf 86' lang='lat' dir='ltr'><em>V.</em></span> <span class='ocrx_word' id='word_1_237' title='bbox 665 2338 705 2375; x_wconf 89' lang='lat'><em>4.</em></span> <span class='ocrx_word' id='word_1_238' title='bbox 728 2325 795 2366; x_wconf 85' lang='grc'><em>30.</em></span> 
     </span>
     <span class='ocr_line' id='line_1_32' title="bbox 137 2386 699 2444; baseline 0.004 -16"><span class='ocrx_word' id='word_1_239' title='bbox 137 2391 277 2428; x_wconf 81' lang='grc'><strong>2057</strong></span> <span class='ocrx_word' id='word_1_240' title='bbox 302 2391 390 2444; x_wconf 76' lang='lat' dir='ltr'><em>par</em></span> <span class='ocrx_word' id='word_1_241' title='bbox 409 2390 508 2442; x_wconf 73' lang='lat' dir='ltr'><em>pari</em></span> <span class='ocrx_word' id='word_1_242' title='bbox 526 2386 699 2442; x_wconf 86' lang='lat' dir='ltr'><em>referes.</em></span> 
     </span>
    </p>

    <p class='ocr_par' dir='ltr' id='par_1_20' title="bbox 136 2455 1307 2580">
     <span class='ocr_line' id='line_1_33' title="bbox 299 2455 1307 2512; baseline -0.002 -12"><span class='ocrx_word' id='word_1_243' title='bbox 299 2455 411 2500; x_wconf 90' lang='lat' dir='ltr'><em>Ter.</em></span> <span class='ocrx_word' id='word_1_244' title='bbox 434 2458 553 2500; x_wconf 87' lang='lat' dir='ltr'><em>Eun.</em></span> <span class='ocrx_word' id='word_1_245' title='bbox 579 2456 671 2500; x_wconf 89' lang='lat' dir='ltr'><em>III.</em></span> <span class='ocrx_word' id='word_1_246' title='bbox 699 2473 736 2499; x_wconf 92' lang='lat'><em>1.</em></span> <span class='ocrx_word' id='word_1_247' title='bbox 761 2461 810 2500; x_wconf 88' lang='lat'><em>55</em></span> <span class='ocrx_word' id='word_1_248' title='bbox 838 2470 848 2498; x_wconf 91' lang='lat'>:</span> <span class='ocrx_word' id='word_1_249' title='bbox 872 2470 962 2512; x_wconf 86' lang='lat' dir='ltr'><em>par</em></span> <span class='ocrx_word' id='word_1_250' title='bbox 982 2459 1089 2512; x_wconf 84' lang='lat' dir='ltr'><em>pari</em></span> <span class='ocrx_word' id='word_1_251' title='bbox 1110 2455 1307 2500; x_wconf 86' lang='lat' dir='ltr'><em>referto.</em></span> 
     </span>
     <span class='ocr_line' id='line_1_34' title="bbox 136 2523 608 2580; baseline 0.006 -16"><span class='ocrx_word' id='word_1_252' title='bbox 136 2529 278 2565; x_wconf 76' lang='grc'><strong>2063</strong></span> <span class='ocrx_word' id='word_1_253' title='bbox 295 2523 468 2580; x_wconf 79' lang='lat' dir='ltr'><em>frigeat</em></span> <span class='ocrx_word' id='word_1_254' title='bbox 487 2529 608 2569; x_wconf 83' lang='lat' dir='ltr'><em>totus.</em></span> 
     </span>
    </p>

    <p class='ocr_par' dir='ltr' id='par_1_21' title="bbox 137 2592 1368 2718">
     <span class='ocr_line' id='line_1_35' title="bbox 297 2592 1368 2649; baseline -0.003 -11"><span class='ocrx_word' id='word_1_255' title='bbox 297 2593 408 2638; x_wconf 91' lang='lat' dir='ltr'><em>Ter.</em></span> <span class='ocrx_word' id='word_1_256' title='bbox 431 2595 614 2638; x_wconf 79' lang='lat' dir='ltr'><em>Phorm.</em></span> <span class='ocrx_word' id='word_1_257' title='bbox 639 2593 700 2637; x_wconf 89' lang='lat' dir='ltr'><em>V.</em></span> <span class='ocrx_word' id='word_1_258' title='bbox 724 2611 763 2646; x_wconf 88' lang='lat'><em>9.</em></span> <span class='ocrx_word' id='word_1_259' title='bbox 789 2598 810 2637; x_wconf 90' lang='lat'><strong>5</strong></span> <span class='ocrx_word' id='word_1_260' title='bbox 838 2606 846 2635; x_wconf 95' lang='lat'>:</span> <span class='ocrx_word' id='word_1_261' title='bbox 872 2597 913 2637; x_wconf 89' lang='lat' dir='ltr'><em>si</em></span> <span class='ocrx_word' id='word_1_262' title='bbox 936 2608 1036 2637; x_wconf 91' lang='lat' dir='ltr'><em>non</em></span> <span class='ocrx_word' id='word_1_263' title='bbox 1058 2599 1188 2638; x_wconf 89' lang='lat' dir='ltr'><em>totus</em></span> <span class='ocrx_word' id='word_1_264' title='bbox 1209 2592 1368 2649; x_wconf 87' lang='lat' dir='ltr'><em>friget.</em></span> 
     </span>
     <span class='ocr_line' id='line_1_36' title="bbox 137 2662 805 2718; baseline 0.003 -16"><span class='ocrx_word' id='word_1_265' title='bbox 137 2667 277 2703; x_wconf 80' lang='grc'><strong>2005</strong></span> <span class='ocrx_word' id='word_1_266' title='bbox 302 2666 477 2718; x_wconf 76' lang='lat' dir='ltr'><em>postest</em></span> <span class='ocrx_word' id='word_1_267' title='bbox 496 2666 651 2707; x_wconf 85' lang='lat' dir='ltr'><em>occasio</em></span> <span class='ocrx_word' id='word_1_268' title='bbox 672 2662 805 2707; x_wconf 82' lang='lat' dir='ltr'><em>calva.</em></span> 
     </span>
    </p>

    <p class='ocr_par' dir='ltr' id='par_1_22' title="bbox 300 2729 2106 2844">
     <span class='ocr_line' id='line_1_37' title="bbox 300 2729 2106 2788; baseline -0.001 -14"><span class='ocrx_word' id='word_1_269' title='bbox 300 2731 571 2787; x_wconf 90' lang='lat' dir='ltr'><em>Dionysius</em></span> <span class='ocrx_word' id='word_1_270' title='bbox 606 2730 747 2783; x_wconf 88' lang='lat' dir='ltr'><em>Cato,</em></span> <span class='ocrx_word' id='word_1_271' title='bbox 782 2731 1009 2788; x_wconf 64' lang='lat' dir='ltr'><em>Distycha,</em></span> <span class='ocrx_word' id='word_1_272' title='bbox 1050 2730 1159 2775; x_wconf 91' lang='lat' dir='ltr'><em>Lib.</em></span> <span class='ocrx_word' id='word_1_273' title='bbox 1199 2731 1246 2774; x_wconf 97' lang='grc' dir='ltr'><em>ΙΙ</em></span> <span class='ocrx_word' id='word_1_274' title='bbox 1285 2746 1295 2774; x_wconf 88' lang='lat'>:</span> <span class='ocrx_word' id='word_1_275' title='bbox 1336 2731 1518 2774; x_wconf 87' lang='lat' dir='ltr'><em>Fronte</em></span> <span class='ocrx_word' id='word_1_276' title='bbox 1555 2729 1804 2784; x_wconf 89' lang='lat' dir='ltr'><em>capillata,</em></span> <span class='ocrx_word' id='word_1_277' title='bbox 1847 2735 1960 2784; x_wconf 89' lang='lat' dir='ltr'><em>post</em></span> <span class='ocrx_word' id='word_1_278' title='bbox 1996 2729 2106 2774; x_wconf 85' lang='lat' dir='ltr'><em>haec</em></span> 
     </span>
     <span class='ocr_line' id='line_1_38' title="bbox 354 2801 736 2844; baseline 0.003 -1"><span class='ocrx_word' id='word_1_279' title='bbox 354 2803 554 2844; x_wconf 85' lang='lat' dir='ltr'><em>occasio</em></span> <span class='ocrx_word' id='word_1_280' title='bbox 578 2801 736 2844; x_wconf 87' lang='lat' dir='ltr'><em>calva.</em></span> 
     </span>
    </p>

    <p class='ocr_par' dir='ltr' id='par_1_23' title="bbox 138 2867 1955 2924">
     <span class='ocr_line' id='line_1_39' title="bbox 138 2867 1955 2924; baseline 0.001 -16"><span class='ocrx_word' id='word_1_281' title='bbox 138 2871 280 2908; x_wconf 93' lang='grc'><strong>2070</strong></span> <span class='ocrx_word' id='word_1_282' title='bbox 308 2870 531 2923; x_wconf 82' lang='lat' dir='ltr'><em>Frequens</em></span> <span class='ocrx_word' id='word_1_283' title='bbox 551 2869 617 2911; x_wconf 78' lang='lat' dir='ltr'><em>liic</em></span> <span class='ocrx_word' id='word_1_284' title='bbox 637 2871 943 2924; x_wconf 53' lang='lat' dir='ltr'><em>conspectus...</em></span> <span class='ocrx_word' id='word_1_285' title='bbox 968 2869 1034 2911; x_wconf 80' lang='lat' dir='ltr'><em>hic</em></span> <span class='ocrx_word' id='word_1_286' title='bbox 1053 2871 1191 2913; x_wconf 86' lang='lat' dir='ltr'><em>autem</em></span> <span class='ocrx_word' id='word_1_287' title='bbox 1211 2868 1323 2912; x_wconf 89' lang='lat' dir='ltr'><em>locus</em></span> <span class='ocrx_word' id='word_1_288' title='bbox 1343 2868 1402 2912; x_wconf 90' lang='lat' dir='ltr'><em>ad</em></span> <span class='ocrx_word' id='word_1_289' title='bbox 1419 2867 1629 2921; x_wconf 75' lang='lat' dir='ltr'><em>agendum</em></span> <span class='ocrx_word' id='word_1_290' title='bbox 1650 2867 1955 2923; x_wconf 80' lang='lat' dir='ltr'><em>amplissimus.</em></span> 
     </span>
    </p>

    <p class='ocr_par' dir='ltr' id='par_1_24' title="bbox 301 2936 953 2992">
     <span class='ocr_line' id='line_1_40' title="bbox 301 2936 953 2992; baseline -0.005 -11"><span class='ocrx_word' id='word_1_291' title='bbox 301 2936 404 2981; x_wconf 91' lang='lat' dir='ltr'><em>Cic.</em></span> <span class='ocrx_word' id='word_1_292' title='bbox 421 2941 503 2992; x_wconf 68' lang='lat' dir='ltr'><em>pro</em></span> <span class='ocrx_word' id='word_1_293' title='bbox 525 2939 639 2992; x_wconf 81' lang='lat' dir='ltr'><em>Lege</em></span> <span class='ocrx_word' id='word_1_294' title='bbox 660 2939 792 2981; x_wconf 84' lang='lat' dir='ltr'><em>Man.</em></span> <span class='ocrx_word' id='word_1_295' title='bbox 815 2938 875 2981; x_wconf 88' lang='lat' dir='ltr'><em>ad</em></span> <span class='ocrx_word' id='word_1_296' title='bbox 892 2939 953 2981; x_wconf 85' lang='lat' dir='ltr'><em>in.</em></span> 
     </span>
    </p>

    <p class='ocr_par' dir='ltr' id='par_1_25' title="bbox 139 3005 2102 3404">
     <span class='ocr_line' id='line_1_41' title="bbox 139 3005 1384 3063; baseline 0.002 -19"><span class='ocrx_word' id='word_1_297' title='bbox 139 3008 279 3045; x_wconf 88' lang='grc'><strong>2073</strong></span> <span class='ocrx_word' id='word_1_298' title='bbox 317 3005 448 3049; x_wconf 82' lang='lat' dir='ltr'><em>Vultu</em></span> <span class='ocrx_word' id='word_1_299' title='bbox 469 3009 536 3049; x_wconf 84' lang='lat' dir='ltr'><em>tuo</em></span> <span class='ocrx_word' id='word_1_300' title='bbox 557 3006 732 3050; x_wconf 83' lang='lat' dir='ltr'><em>ventilor</em></span> <span class='ocrx_word' id='word_1_301' title='bbox 753 3009 956 3060; x_wconf 82' lang='lat' dir='ltr'><em>tanquam</em></span> <span class='ocrx_word' id='word_1_302' title='bbox 963 3005 1134 3063; x_wconf 85' lang='lat' dir='ltr'><em>flabello</em></span> <span class='ocrx_word' id='word_1_303' title='bbox 1155 3006 1384 3050; x_wconf 84' lang='lat' dir='ltr'><em>seditionis.</em></span> 
     </span>
     <span class='ocr_line' id='line_1_42' title="bbox 301 3072 2102 3130; baseline -0.001 -12"><span class='ocrx_word' id='word_1_304' title='bbox 301 3072 403 3118; x_wconf 92' lang='lat' dir='ltr'><em>Cic.</em></span> <span class='ocrx_word' id='word_1_305' title='bbox 426 3075 499 3118; x_wconf 88' lang='lat' dir='ltr'><em>Fl.</em></span> <span class='ocrx_word' id='word_1_306' title='bbox 523 3074 708 3118; x_wconf 92' lang='lat' dir='ltr'>XXIII.</span> <span class='ocrx_word' id='word_1_307' title='bbox 733 3079 784 3130; x_wconf 94' lang='lat'><em>54</em></span> <span class='ocrx_word' id='word_1_308' title='bbox 808 3088 816 3116; x_wconf 92' lang='lat'>:</span> <span class='ocrx_word' id='word_1_309' title='bbox 843 3075 984 3129; x_wconf 91' lang='lat' dir='ltr'><em>cujus</em></span> <span class='ocrx_word' id='word_1_310' title='bbox 1006 3076 1190 3130; x_wconf 88' lang='lat' dir='ltr'><em>lingua,</em></span> <span class='ocrx_word' id='word_1_311' title='bbox 1214 3078 1356 3130; x_wconf 85' lang='lat' dir='ltr'><em>quasi</em></span> <span class='ocrx_word' id='word_1_312' title='bbox 1378 3073 1578 3117; x_wconf 88' lang='lat' dir='ltr'><em>flabello</em></span> <span class='ocrx_word' id='word_1_313' title='bbox 1601 3073 1872 3122; x_wconf 88' lang='lat' dir='ltr'><em>seditionis,</em></span> <span class='ocrx_word' id='word_1_314' title='bbox 1896 3072 2102 3117; x_wconf 88' lang='lat' dir='ltr'><em>illatum</em></span> 
     </span>
     <span class='ocr_line' id='line_1_43' title="bbox 356 3143 1170 3196; baseline 0 -11"><span class='ocrx_word' id='word_1_315' title='bbox 356 3147 432 3186; x_wconf 91' lang='lat' dir='ltr'><em>est</em></span> <span class='ocrx_word' id='word_1_316' title='bbox 453 3147 702 3196; x_wconf 87' lang='lat' dir='ltr'><em>egentium</em></span> <span class='ocrx_word' id='word_1_317' title='bbox 723 3146 899 3186; x_wconf 91' lang='lat' dir='ltr'><em>concio</em></span> <span class='ocrx_word' id='word_1_318' title='bbox 916 3143 1170 3187; x_wconf 86' lang='lat' dir='ltr'><em>ventilata.</em></span> 
     </span>
     <span class='ocr_line' id='line_1_44' title="bbox 140 3212 1434 3266; baseline 0.003 -17"><span class='ocrx_word' id='word_1_319' title='bbox 140 3213 281 3250; x_wconf 83' lang='grc'><strong>2070</strong></span> <span class='ocrx_word' id='word_1_320' title='bbox 304 3214 384 3266; x_wconf 75' lang='lat' dir='ltr'><em>per</em></span> <span class='ocrx_word' id='word_1_321' title='bbox 403 3215 633 3266; x_wconf 42' lang='lat' dir='ltr'><em>mare,&gt;j&gt;er</em></span> <span class='ocrx_word' id='word_1_322' title='bbox 653 3215 808 3265; x_wconf 88' lang='lat' dir='ltr'><em>terras,</em></span> <span class='ocrx_word' id='word_1_323' title='bbox 828 3215 905 3266; x_wconf 71' lang='lat' dir='ltr'><em>per</em></span> <span class='ocrx_word' id='word_1_324' title='bbox 927 3215 985 3256; x_wconf 86' lang='lat' dir='ltr'><em>tot</em></span> <span class='ocrx_word' id='word_1_325' title='bbox 1003 3212 1253 3256; x_wconf 87' lang='lat' dir='ltr'><em>discrimina</em></span> <span class='ocrx_word' id='word_1_326' title='bbox 1274 3225 1434 3255; x_wconf 89' lang='lat' dir='ltr'><em>rerum.</em></span> 
     </span>
     <span class='ocr_line' id='line_1_45' title="bbox 302 3278 1976 3336; baseline -0.002 -14"><span class='ocrx_word' id='word_1_327' title='bbox 302 3279 452 3334; x_wconf 86' lang='lat' dir='ltr'><em>Ve1g.</em></span> <span class='ocrx_word' id='word_1_328' title='bbox 477 3282 590 3323; x_wconf 84' lang='lat' dir='ltr'><em>Aen.</em></span> <span class='ocrx_word' id='word_1_329' title='bbox 618 3296 653 3323; x_wconf 92' lang='lat'><em>1.</em></span> <span class='ocrx_word' id='word_1_330' title='bbox 679 3296 757 3336; x_wconf 91' lang='lat'><em>204</em></span> <span class='ocrx_word' id='word_1_331' title='bbox 777 3294 786 3323; x_wconf 75' lang='grc' dir='ltr'>ε</span> <span class='ocrx_word' id='word_1_332' title='bbox 811 3294 899 3334; x_wconf 88' lang='lat' dir='ltr'><em>per</em></span> <span class='ocrx_word' id='word_1_333' title='bbox 920 3283 1083 3324; x_wconf 80' lang='lat' dir='ltr'><em>varios</em></span> <span class='ocrx_word' id='word_1_334' title='bbox 1107 3292 1269 3328; x_wconf 87' lang='lat' dir='ltr'><em>casus,</em></span> <span class='ocrx_word' id='word_1_335' title='bbox 1293 3293 1382 3335; x_wconf 92' lang='lat' dir='ltr'><em>per</em></span> <span class='ocrx_word' id='word_1_336' title='bbox 1403 3284 1474 3323; x_wconf 90' lang='lat' dir='ltr'><em>tot</em></span> <span class='ocrx_word' id='word_1_337' title='bbox 1494 3278 1778 3323; x_wconf 90' lang='lat' dir='ltr'><em>discrimina</em></span> <span class='ocrx_word' id='word_1_338' title='bbox 1799 3292 1976 3323; x_wconf 89' lang='lat' dir='ltr'><em>rerum.</em></span> 
     </span>
     <span class='ocr_line' id='line_1_46' title="bbox 141 3346 692 3404; baseline 0.009 -20"><span class='ocrx_word' id='word_1_339' title='bbox 141 3349 280 3386; x_wconf 89' lang='grc'><strong>2077</strong></span> <span class='ocrx_word' id='word_1_340' title='bbox 312 3346 692 3404; x_wconf 77' lang='lat' dir='ltr'><em>Gymnosophistis.</em></span> 
     </span>
    </p>

    <p class='ocr_par' dir='ltr' id='par_1_26' title="bbox 303 3413 2100 3474">
     <span class='ocr_line' id='line_1_47' title="bbox 303 3413 2100 3474; baseline -0.001 -14"><span class='ocrx_word' id='word_1_341' title='bbox 303 3413 755 3472; x_wconf 78' lang='lat' dir='ltr'><em>Gymnosophistae‚</em></span> <span class='ocrx_word' id='word_1_342' title='bbox 779 3417 862 3460; x_wconf 90' lang='lat' dir='ltr'><em>the</em></span> <span class='ocrx_word' id='word_1_343' title='bbox 884 3416 1047 3461; x_wconf 89' lang='lat' dir='ltr'><em>naked</em></span> <span class='ocrx_word' id='word_1_344' title='bbox 1067 3417 1418 3474; x_wconf 88' lang='lat' dir='ltr'><em>philosophers</em></span> <span class='ocrx_word' id='word_1_345' title='bbox 1440 3415 1493 3460; x_wconf 87' lang='lat' dir='ltr'><em>of</em></span> <span class='ocrx_word' id='word_1_346' title='bbox 1517 3417 1675 3468; x_wconf 88' lang='lat' dir='ltr'><em>India,</em></span> <span class='ocrx_word' id='word_1_347' title='bbox 1709 3417 1838 3460; x_wconf 89' lang='lat' dir='ltr'><em>Plut.</em></span> <span class='ocrx_word' id='word_1_348' title='bbox 1871 3415 1998 3460; x_wconf 82' lang='lat' dir='ltr'><em>Alex.</em></span> <span class='ocrx_word' id='word_1_349' title='bbox 2030 3423 2100 3471; x_wconf 85' lang='lat'><em>64.</em></span> 
     </span>
    </p>

    <p class='ocr_par' dir='ltr' id='par_1_27' title="bbox 305 3482 2106 3607">
     <span class='ocr_line' id='line_1_48' title="bbox 305 3482 2106 3541; baseline -0.001 -13"><span class='ocrx_word' id='word_1_350' title='bbox 305 3482 365 3528; x_wconf 90' lang='lat' dir='ltr'><em>G.</em></span> <span class='ocrx_word' id='word_1_351' title='bbox 390 3484 609 3541; x_wconf 83' lang='lat' dir='ltr'><em>Harvey‚</em></span> <span class='ocrx_word' id='word_1_352' title='bbox 633 3487 870 3530; x_wconf 83' lang='lat' dir='ltr'><em>Musarum</em></span> <span class='ocrx_word' id='word_1_353' title='bbox 890 3486 1028 3530; x_wconf 83' lang='lat' dir='ltr'><em>Lach.</em></span> <span class='ocrx_word' id='word_1_354' title='bbox 1048 3485 1147 3531; x_wconf 91' lang='lat' dir='ltr'><em>Giii</em></span> <span class='ocrx_word' id='word_1_355' title='bbox 1168 3501 1176 3530; x_wconf 94' lang='lat'><strong>:</strong></span> <span class='ocrx_word' id='word_1_356' title='bbox 1197 3489 1421 3530; x_wconf 86' lang='lat' dir='ltr'><em>anteiens</em></span> <span class='ocrx_word' id='word_1_357' title='bbox 1441 3485 1638 3534; x_wconf 88' lang='lat' dir='ltr'><em>Persas,</em></span> <span class='ocrx_word' id='word_1_358' title='bbox 1657 3484 1936 3537; x_wconf 75' lang='lat' dir='ltr'><em>Chaldaeos,</em></span> <span class='ocrx_word' id='word_1_359' title='bbox 1956 3483 2106 3540; x_wconf 87' lang='lat' dir='ltr'><em>Gym-</em></span> 
     </span>
     <span class='ocr_line' id='line_1_49' title="bbox 357 3553 692 3607; baseline 0 -12"><span class='ocrx_word' id='word_1_360' title='bbox 357 3553 692 3607; x_wconf 87' lang='lat' dir='ltr'><em>nosophistas.</em></span> 
     </span>
    </p>

    <p class='ocr_par' dir='ltr' id='par_1_28' title="bbox 306 3619 2098 3748">
     <span class='ocr_line' id='line_1_50' title="bbox 306 3619 2098 3679; baseline -0.001 -16"><span class='ocrx_word' id='word_1_361' title='bbox 306 3619 385 3664; x_wconf 94' lang='lat' dir='ltr'><em>Du</em></span> <span class='ocrx_word' id='word_1_362' title='bbox 407 3621 595 3678; x_wconf 86' lang='lat' dir='ltr'><em>Bellay‚</em></span> <span class='ocrx_word' id='word_1_363' title='bbox 614 3621 812 3677; x_wconf 83' lang='lat' dir='ltr'><em>Defense.</em></span> <span class='ocrx_word' id='word_1_364' title='bbox 833 3622 870 3666; x_wconf 94' lang='lat' dir='ltr'><em>I.</em></span> <span class='ocrx_word' id='word_1_365' title='bbox 889 3638 920 3666; x_wconf 87' lang='lat' dir='ltr'>x</span> <span class='ocrx_word' id='word_1_366' title='bbox 939 3636 948 3663; x_wconf 76' lang='grc' dir='ltr'><em>τ</em></span> <span class='ocrx_word' id='word_1_367' title='bbox 964 3637 1226 3679; x_wconf 86' lang='lat' dir='ltr'><em>pourquoy</em></span> <span class='ocrx_word' id='word_1_368' title='bbox 1242 3622 1467 3677; x_wconf 89' lang='lat' dir='ltr'><em>donques</em></span> <span class='ocrx_word' id='word_1_369' title='bbox 1485 3627 1571 3666; x_wconf 89' lang='lat' dir='ltr'><em>ont</em></span> <span class='ocrx_word' id='word_1_370' title='bbox 1586 3623 1779 3677; x_wconf 82' lang='lat' dir='ltr'><em>uoyage</em></span> <span class='ocrx_word' id='word_1_371' title='bbox 1800 3621 1873 3664; x_wconf 81' lang='lat' dir='ltr'><em>les</em></span> <span class='ocrx_word' id='word_1_372' title='bbox 1895 3623 2098 3664; x_wconf 89' lang='lat' dir='ltr'><em>anciens</em></span> 
     </span>
     <span class='ocr_line' id='line_1_51' title="bbox 360 3687 1910 3748; baseline 0.001 -15"><span class='ocrx_word' id='word_1_373' title='bbox 360 3687 551 3734; x_wconf 86' lang='lat' dir='ltr'><em>Grecs..</em></span> <span class='ocrx_word' id='word_1_374' title='bbox 574 3690 648 3735; x_wconf 89' lang='lat' dir='ltr'><em>les</em></span> <span class='ocrx_word' id='word_1_375' title='bbox 668 3705 762 3735; x_wconf 91' lang='lat' dir='ltr'><em>uns</em></span> <span class='ocrx_word' id='word_1_376' title='bbox 785 3705 881 3735; x_wconf 85' lang='lat' dir='ltr'><em>aux</em></span> <span class='ocrx_word' id='word_1_377' title='bbox 902 3691 1050 3736; x_wconf 91' lang='lat' dir='ltr'><em>Indes</em></span> <span class='ocrx_word' id='word_1_378' title='bbox 1072 3705 1197 3747; x_wconf 82' lang='lat' dir='ltr'><em>pour</em></span> <span class='ocrx_word' id='word_1_379' title='bbox 1217 3695 1325 3735; x_wconf 92' lang='lat' dir='ltr'><em>uoir</em></span> <span class='ocrx_word' id='word_1_380' title='bbox 1345 3691 1421 3736; x_wconf 92' lang='lat' dir='ltr'><em>les</em></span> <span class='ocrx_word' id='word_1_381' title='bbox 1443 3690 1910 3748; x_wconf 86' lang='lat' dir='ltr'><em>Gymnosophistes,</em></span> 
     </span>
    </p>
   </div>
  </div>
 </body>
</html>
