2444 4140
738 479 1048 535 Pedantius
1071 480 1152 535 A.
1181 490 1282 533 III.
1310 481 1400 535 Sc.
1438 490 1527 534 VI.
1935 499 2006 551 49

366 652 500 684 vans
542 635 679 693 vitae,
726 633 770 683 &
814 634 1263 696 augmentationis
1317 634 1626 694 quantitivae
1677 634 2003 697 principium

368 711 656 759 materiale.

139 799 141 801 ’
206 799 326 848 1710
426 787 553 848 Lyd.
583 786 729 834 Num
755 791 920 834 mater
941 791 1034 834 tua
1067 784 1260 834 chartis
1282 786 1425 834 vesci
1458 784 1630 844 solita,
1657 791 1715 835 ut
1747 791 1804 835 tu
1838 786 2002 837 libros

367 878 395 910 e
420 862 667 910 mammis
691 862 804 922 ejus
828 861 1080 922 sugeres?

426 938 549 985 Dro.
593 937 745 985 Certe
784 937 828 984 si
866 936 1104 985 chartam
1144 935 1386 985 comedat
1423 937 1630 995 mulier,
1668 938 1881 999 signum
1921 944 2000 987 est

367 1029 484 1061 eam
518 1011 713 1060 habere
747 1011 994 1061 morbum
1026 1011 1271 1070 ictericum,
1304 1012 1397 1072 qui
1431 1028 1495 1060 ex
1526 1011 1733 1074 hepatis
1766 1013 1999 1064 obstruc—
2083 1021 2089 1029 “

366 1088 510 1136 110110
550 1087 729 1145 0111111,
771 1086 815 1134 &
851 1086 977 1136 facit
1014 1076 1337 1136 manducare
1371 1087 1629 1137 carbones
1666 1087 1710 1135 &
1747 1089 1851 1137 alia
1888 1106 2000 1140 non

205 1163 321 1225 1715
366 1163 633 1212 nutritiva.

425 1239 555 1288 Lud.
599 1238 759 1287 Domi
800 1254 948 1286 soror
991 1254 1110 1287 mea
1153 1238 1312 1286 nimis
1355 1239 1536 1300 pallet,
1578 1238 1621 1286 δε
1660 1256 1800 1302 saepe
1844 1240 1999 1302 lingit

365 1313 569 1362 cineres
593 1314 826 1362 misella!
850 1314 998 1362 Dixit
1022 1313 1266 1363 Medicus
1284 1330 1402 1362 eam
1421 1330 1557 1375 opus
1574 1314 1769 1364 habere
1788 1316 1994 1365 marito.

424 1391 545 1438 Dro.
575 1389 736 1451 Quod
759 1390 803 1438 si
836 1405 935 1450 ego
959 1390 1071 1451 jam
1101 1389 1324 1451 hujusce
1358 1389 1639 1439 divisibilis
1673 1392 1997 1440 anatomiam

362 1481 456 1514 seu
490 1466 780 1514 sectionem
813 1464 1042 1514 facerem
1076 1464 1175 1524 (est
1207 1465 1351 1513 enim
1390 1481 1513 1514 cum
1538 1466 1788 1515 omnibus
1812 1466 1997 1516 inhaer-
2042 1457 2044 1459 ’

202 1553 321 1602 1720
363 1541 518 1602 entijs
556 1541 665 1589 suis
698 1546 869 1589 totum
908 1539 1184 1600 integrale)
1224 1546 1275 1588 et
1318 1539 1651 1589 ostenderem
1696 1541 1772 1590 sic
1811 1555 1997 1591 omnes

363 1632 571 1674 nervos,
593 1616 944 1676 cartilagines,
966 1614 1010 1662 &
1027 1615 1300 1664 musculos
1319 1615 1443 1664 artis
1461 1616 1808 1678 complicatos
1832 1617 1888 1665 in
1910 1634 1992 1676 eo,

362 1692 591 1740 maxime
615 1697 793 1740 autem
816 1691 1045 1739 humorem
1067 1690 1375 1739 cristallinum
1396 1691 1779 1753 eloquen-[98]tiae
1800 1692 1850 1740 in
1871 1694 1996 1741 oculo

361 1767 508 1816 animi
533 1784 543 1815 :
578 1773 694 1816 tum
726 1773 785 1815 tu
818 1766 951 1815 nihil
985 1765 1209 1815 haberes
1241 1766 1389 1828 prius
1423 1765 1703 1826 Pedanfio,
1731 1768 1824 1827 qui
1847 1784 1992 1817 nunc

361 1842 494 1891 nihil
518 1842 683 1891 habes
704 1842 985 1904 posterius.
1014 1841 1349 1903 Cognoscere
1371 1848 1523 1903 potes
1546 1858 1670 1891 eum
1701 1841 1770 1891 ad
1797 1859 1992 1905 magna

199 1918 317 1980 1725
360 1917 403 1966 &
448 1919 654 1967 excelsa
698 1924 902 1976 natum,
949 1918 1140 1979 primo,
1183 1918 1309 1977 quia
1351 1934 1513 1965 nasum
1556 1918 1689 1966 habet
1721 1918 1998 1977 Persicum,-

359 1993 570 2052 deinde,
597 1995 724 2055 quia
749 1995 864 2043 Rex
888 1993 1002 2056 (qui
1035 1998 1113 2042 est
1144 1993 1368 2054 primum
1391 2009 1554 2054 agens
1588 1994 1644 2042 in
1676 1993 1779 2042 hoc
1812 1999 1993 2043 nostro

359 2071 579 2132 politico
618 2069 859 2132 corpore)
899 2069 1133 2118 animam
1172 2068 1266 2130 filij
1308 2069 1386 2130 suj
1426 2068 1553 2118 huic
1590 2067 1877 2119 traditurus
1916 2076 1995 2119 est

362 2145 603 2195 doctrina
639 2144 973 2194 sarciendam.
1012 2145 1348 2206 Quapropter
1381 2143 1841 2206 (quandoquidem
1880 2145 1997 2196 nul-

361 2222 474 2270 lum
528 2220 695 2269 habes
749 2219 896 2269 aliud
948 2219 1294 2281 perceptibile
1344 2220 1756 2270 instrumentum
1810 2226 1997 2282 praeter

200 2298 321 2358 1730
363 2313 580 2345 sensum
613 2295 656 2343 &
690 2295 1039 2356 intellectum)
1073 2296 1140 2344 sit
1171 2295 1259 2344 hic
1291 2295 1405 2354 tibi,
1439 2294 1618 2355 quoad
1652 2311 1868 2345 sensum
1902 2295 1998 2345 tibi

361 2372 654 2433 proprium,
676 2371 944 2433 objectum
967 2377 1224 2432 peipetuo
1247 2387 1258 2430 ;
1285 2370 1464 2431 quoad
1487 2371 1835 2430 intellectum,
1861 2388 1997 2434 agens

361 2448 624 2504 intellectus,
652 2453 709 2496 tu
733 2452 915 2510 autem*
934 2446 1012 2495 illi
1028 2446 1208 2508 patiens
1229 2447 1463 2496 vicissim
1491 2463 1502 2495 ε
1529 2447 1601 2495 113
1623 2447 1716 2507 qui
1738 2446 1996 2496 hactenus

357 2524 468 2585 jam
487 2522 579 2571 diu
596 2522 696 2571 fuit
714 2523 768 2570 in
787 2538 964 2581 sensu,
980 2539 1126 2571 nune
1142 2521 1360 2571 tandem
1377 2523 1555 2571 veniat
1571 2523 1628 2571 in
1646 2523 1991 2572 intellectum.

366 2599 487 2647 Mea
511 2614 671 2647 causa
694 2597 840 2647 hunc
862 2597 1082 2659 respice.

203 2674 319 2736 1735
423 2675 549 2737 Lyd.
578 2675 660 2722 Eo
683 2672 902 2733 quidem
925 2673 1104 2722 minus
1132 2678 1311 2737 gratus
1344 2672 1431 2721 hic
1465 2672 1614 2731 mihi,
1639 2678 1996 2734 acceptusque

363 2755 457 2808 est,
483 2755 533 2798 te
558 2748 703 2810 quod
726 2748 919 2797 habeat
940 2754 1049 2797 tam
1074 2749 1314 2810 ineptum
1338 2747 1634 2810 adjutorem
1658 2747 1777 2797 sibi.

423 2826 543 2874 Ped.
568 2823 732 2873 Vides
762 2841 848 2873 me
871 2822 1324 2886 (splendidissima
1360 2822 1554 2884 Lydia)
1578 2822 1994 2885 splendidiorem

363 2917 494 2959 esse,
521 2917 683 2961 quam
709 2899 962 2949 consuevi
990 2916 1000 2948 :
1027 2899 1229 2948 scilicet
1259 2897 1552 2948 Pedantius
1585 2905 1708 2948 tuus
1741 2898 1995 2961 deinceps

363 2978 419 3025 in
463 2977 682 3038 strepitu
725 2975 923 3025 forensi
966 2974 1260 3024 versabitur
1308 2975 1713 3036 generosissime
1762 2991 1773 3022 ε
1819 2975 1996 3036 regius

203 3065 322 3114 1740
365 3052 729 3110 Consiliarius,
756 3050 850 3100 sed
872 3058 992 3100 tuvs
1014 3056 1195 3099 tamen
1220 3051 1459 3108 Μ3111115,
1487 3051 1530 3098 51
1555 3049 1656 3112 dijs
1677 3050 1868 3112 placet.
1897 3050 1994 3112 [99]

422 3129 549 3190 Lyd.
598 3127 856 3189 Quiescas
910 3143 1091 3187 quaeso
1145 3125 1379 3184 tandem,
1433 3125 1628 3186 hocque
1679 3142 1995 3187 responsum

363 3202 516 3262 feras,
563 3219 674 3252 non
716 3219 874 3265 posse
918 3219 1003 3252 me
1047 3203 1287 3251 animum
1333 3201 1583 3251 inducere
1627 3218 1808 3251 meum
1852 3207 1902 3250 te
1941 3208 1998 3251 vt

366 3295 557 3328 amem.
586 3279 763 3340 Quare
786 3295 854 3328 110
877 3279 949 3328 515
973 3279 1203 3340 amplius
1225 3277 1448 3340 posthac
1471 3276 1601 3327 mihi
1625 3278 1899 3327 molestus,

426 3354 544 3405 Ped.
583 3354 882 3404 Molestus?
918 3354 1030 3421 jam
1068 3359 1118 3403 te
1162 3369 1272 3404 non
1311 3354 1544 3413 stultam,
1587 3358 1642 3402 vt
1679 3367 1836 3416 saepe,
1885 3369 1995 3404 non
