2444 4140
389 842 506 903 1675

388 1226 508 1273 1680

386 1610 504 1659 1685

380 2376 498 2438 1695

381 2771 501 2820 1700

380 3145 497 3206 1705

557 458 625 524 48
938 453 1252 510 Pedantius
1276 456 1357 511 A.
1386 454 1489 509 ΙΙΙ.
1519 457 1612 512 Se.
1649 467 1739 510 VI.

553 613 679 661 sinit
718 629 842 661 eum
885 611 1118 660 dormire
1158 629 1254 674 per
1291 618 1460 661 totam
1500 611 1687 672 vitam)
1711 617 1970 671 tanquam
2007 610 2131 660 Sole
2164 609 2209 658 ἃ

554 690 683 738 luna
722 688 1020 737 decoratur.
1062 689 1349 748 Fortunae3
1386 689 1515 749 quia
1548 690 1755 737 Deorum
1787 691 1896 735 sunt
1915 687 2068 736 omnia
2092 705 2107 742 ,·
2131 704 2209 736 sa-

550 766 758 827 pientes
784 766 980 826 (qualis
1004 766 1092 814 hic
1117 765 1215 827 est)
1240 766 1399 815 amici
1425 771 1550 815 sunt
1573 764 1817 823 deorum,
1843 763 1886 811 &
1909 764 2209 814 amicorum

552 842 734 890 omnia
758 848 884 890 sunt
908 842 1236 891 communia.
1266 842 1410 903 Ergo
1434 841 1596 903 hujus
1621 847 1746 890 sunt
1771 841 1970 890 omnia.

611 920 742 966 Lud.
772 919 1102 980 Dignissime
1142 919 1427 977 Maecenas,
1455 924 1770 967 contemnas
1794 923 1852 966 tu
1885 918 2041 966 istam
2065 918 2206 976 licet,

553 996 668 1043 Rex
686 995 783 1043 tibi
806 995 956 1044 dabit
979 996 1266 1057 conjugem
1289 995 1597 1058 praestantia
1614 994 1836 1056 dignam
1860 1000 1969 1044 tua.
1987 993 2065 1043 Te
2082 1010 2209 1044 vero

549 1072 746 1121 mentis
779 1072 1016 1134 inopem,
1045 1089 1167 1133 quae
1202 1063 1444 1122 oblatum
1479 1072 1582 1121 hoc
1616 1071 1824 1134 respuis
1859 1087 2084 1131 aurum;
2120 1069 2210 1120 hic

549 1148 645 1197 tibi
671 1150 852 1198 omnia
876 1156 1136 1210 tanquam
1161 1150 1371 1211 virgula
1394 1148 1581 1199 diuina
1605 1147 2017 1211 suppeditasset.

611 1227 732 1274 Ped.
753 1227 1034 1276 Hactenus
1054 1227 1109 1275 in
1128 1227 1484 1289 apologetico,
1502 1243 1650 1275 nunc
1665 1224 1733 1274 ad
1762 1224 2207 1275 encomiasticum

548 1319 720 1363 genus
744 1303 1073 1352 veniendum
1099 1309 1195 1352 est.
1220 1304 1266 1352 O
1296 1304 1510 1352 Helena
1535 1319 1655 1352 mea
1678 1302 1687 1350 l
1717 1303 1862 1351 Nam
1887 1302 2025 1351 sicut
2046 1300 2209 1351 huius

551 1396 713 1428 causa
737 1379 1120 1442 recuperandae
1144 1396 1362 1429 omnem
1383 1380 1514 1429 olim
1530 1380 1777 1428 Menelaus
1799 1378 2026 1428 Graciam
2051 1378 2208 1427 excit-

550 1457 673 1515 avit,
734 1457 810 1506 sic
868 1474 984 1518 ego,
1028 1457 1170 1505 hanc
1215 1462 1274 1506 ut
1312 1455 1595 1519 adipiscar,
1637 1456 1945 1505 Latinitatem
1990 1472 2208 1505 omnem

550 1534 814 1582 Romanae
852 1534 1026 1595 gentis
1061 1533 1222 1583 eduxi
1262 1534 1319 1583 in
1353 1534 1542 1583 aciem.
1573 1533 1902 1596 Quanquam
1936 1533 2054 1582 laus
2087 1548 2207 1594 pro-

548 1610 665 1671 prio
690 1610 869 1659 sordet
893 1611 948 1660 in
973 1628 1080 1669 ore,
1107 1616 1307 1670 tamen,
1337 1628 1462 1660 cum
1487 1611 1655 1659 sciam
1690 1627 1776 1659 me
1811 1609 2009 1659 habere
2043 1610 2206 1658 licen-

547 1687 676 1735 tiam
714 1688 1010 1746 Poeticam,
1039 1686 1336 1749 aggrediar,
1375 1688 1811 1749 complectarque
1846 1686 2012 1745 brevi,
2041 1686 2139 1749 [96]
2163 1685 2207 1733 δε

545 1764 716 1812 multo
741 1763 973 1823 brevius,
996 1781 1162 1825 quam
1186 1781 1269 1813 res
1292 1770 1441 1812 tanta
1465 1763 1572 1812 dici
1594 1769 1788 1825 potest.
1813 1763 1942 1812 Non
1960 1780 2081 1812 sum
2107 1779 2207 1824 ego

545 1857 659 1888 vnus
692 1858 712 1888 e
745 1841 920 1898 multiS,
951 1841 1045 1890 sed
1084 1846 1177 1902 jn‘ae
1216 1840 1376 1889 multis
1415 1857 1545 1888 vnus.
1576 1840 1720 1889 Nam
1756 1840 1882 1889 licet
1920 1839 2206 1889 stultorum

543 1917 706 1978 plena
745 1924 871 1966 sunt
913 1919 1112 1977 omnia,
1158 1934 1369 1979 semper
1407 1923 1589 1966 tamen
1630 1917 1815 1979 excipe
1857 1915 2203 1976 Pedantium,

545 2010 707 2053 quem
733 1993 921 2043 dicunt
945 2011 1054 2044 uno
1091 2011 1180 2043 ore
1216 2011 1404 2043 omnes
1439 2010 1554 2043 esse
1595 2000 1803 2043 naturae
1842 1993 2164 2042 miraculum
2193 2009 2204 2041 :

545 2069 611 2118 de
636 2070 920 2119 virtutibus
949 2071 1084 2119 meis
1119 2072 1163 2119 si
1197 2070 1450 2130 dicerem,
1477 2069 1592 2119 dies
1627 2086 1713 2119 me
1748 2068 2002 2119 deficeret
2030 2086 2040 2117 :
2067 2075 2206 2119 artes

545 2163 656 2195 non
678 2148 960 2208 pauciores
985 2154 1110 2196 sunt
1134 2148 1191 2196 in
1215 2164 1337 2196 meo
1362 2147 1598 2206 cerebro,
1627 2163 1792 2207 quam
1818 2147 1874 2195 in
1903 2146 2007 2195 hoc
2033 2147 2206 2208 capite

545 2223 725 2284 capilli
745 2223 820 2283 (id
839 2230 934 2282 est,
957 2225 1120 2286 capitis
1132 2218 1426 2287 pili)LQuis
1448 2224 1502 2273 in·
1522 2223 1887 2273 Grammatica
1905 2223 2207 2285 congruus?

546 2300 744 2349 Nonne
781 2300 1117 2351 Pedantius?
1153 2302 1289 2364 Quis
1323 2303 1380 2351 in
1416 2302 1706 2351 Poetarum
1740 2301 1909 2351 hortis
1941 2299 2207 2351 floridus?

547 2377 746 2426 Nonne
772 2377 1107 2427 Pedantius?
1144 2379 1279 2441 Quis
1314 2379 1371 2428 in
1407 2378 1706 2428 Rhetorum
1739 2394 1942 2441 pompa
1974 2377 2205 2440 potens?

548 2453 747 2503 Nonne
774 2453 1071 2504 Pedantius
1092 2455 1110 2502 Ρ

603 2531 731 2593 Lyd.
762 2532 872 2580 Hei
895 2531 904 2579 l
932 2549 1089 2590 nonne,
1119 2549 1276 2591 nonne,
1305 2549 1360 2581 no
1386 2530 1635 2594 Pedantj.

602 2608 927 2660 DraHabe
967 2609 1114 2658 hunc
1155 2609 1425 2659 maritum.
1463 2609 1562 2658 Est
1600 2607 1821 2669 quidem
1861 2608 2198 2666 macilentUS‚

543 2683 636 2732 sed
672 2701 735 2733 eo
768 2685 939 2747 magis
973 2687 1314 2747 generativus
1342 2703 1353 2734 ε
1380 2685 1543 2735 habet
1575 2685 1830 2747 gracilem
1865 2684 2069 2743 tibiam,
2106 2683 2201 2733 sed

543 2777 790 2821 grossum
822 2761 865 2809 ἃ
900 2779 1189 2812 nervosum
1223 2762 1414 2812 femur.
1444 2762 1628 2830 Prima
1661 2767 1819 2810 nocte
1852 2761 2037 2823 gignet
2065 2777 2199 2810 mas-

544 2839 729 2887 culum
755 2839 1202 2901 incontingenter.

603 2916 735 2963 Lud.
781 2916 837 2964 Si
884 2917 1063 2974 scires,
1114 2916 1304 2976 quales
1349 2916 1446 2964 iste
1491 2915 1710 2976 gignere
1756 2913 1954 2963 liberos
1997 2920 2196 2977 posset,

543 3009 825 3052 nunquam
847 3009 971 3042 eum
991 3009 1281 3042 recusares.
1309 2993 1490 3041 Merus
1511 2991 1698 3040 Cicero
1708 2991 1897 3040 dianus
1915 2990 1959 3038 δε
1978 2990 2195 3040 Terent-

543 3069 698 3118 ianus
723 3070 820 3118 erit
844 3070 996 3118 istius
1021 3069 1165 3117 filius
1194 3069 1369 3130 primo
1399 3067 1484 3117 die
1509 3085 1519 3115 :
1553 3067 1596 3114 ἃ
1624 3068 1843 3129 plorans
1876 3067 1974 3130 [97]
1999 3067 2197 3117 librum

542 3146 837 3207 postulabit
861 3145 1050 3195 eadem
1075 3162 1182 3206 qua
1207 3152 1364 3194 natus
1388 3151 1467 3193 est
1489 3144 1638 3193 hora.

603 3223 725 3270 Dro.
756 3224 821 3271 In
843 3223 1018 3284 primo
1037 3223 1256 3271 instanti
1275 3227 1412 3283 post,
1435 3221 1595 3270 etiam
1620 3226 1910 3282 antequam
1935 3226 2091 3285 sugat
2113 3221 2196 3270 lac

545 3304 864 3357 maternum,
892 3297 1040 3360 quod
1065 3304 1144 3347 est
1176 3297 1403 3347 Infantis
1437 3314 1600 3348 causa
1623 3298 1882 3357 nutriens,
1909 3296 1952 3345 &
1986 3314 2194 3348 conser-
