2444 4140
340 721 462 785 2675

340 1106 464 1154 2680

342 1487 464 1539 2685

344 1875 468 1936 2690

346 2257 467 2319 2695

345 2655 468 2705 2700

346 3025 466 3088 2705

508 398 577 483 76
904 393 1218 468 Pedantius
1242 413 1294 468 A
1311 455 1324 469 .
1361 421 1418 466 V.
1444 412 1536 468 Se.
1560 403 1663 468 ΙῘΙ.

572 570 673 619 Gil.
699 570 770 618 At
794 567 1082 617 creditores
1109 568 1214 617 mei
1240 567 1485 618 satisfieri
1505 568 1603 617 sibi
1631 568 1783 617 aliter
1800 584 1829 616 a
1849 584 1935 617 me
1958 568 2164 617 volunt.

567 647 688 694 Pcd.
715 645 818 704 Ah,
847 661 915 694 ne
939 661 1066 707 agas
1091 662 1306 694 mecum
1332 645 1403 694 ita
1427 662 1609 694 severe
1633 643 1677 692 &
1702 644 1880 694 Stoice
1904 661 1914 692 ε
1937 644 1981 693 si
2005 645 2168 694 scires

507 727 755 782 quantam
778 737 936 783 passa
961 727 1100 770 esset
1122 720 1331 771 dudum
1357 720 1715 770 carnificinam
1738 737 1994 770 crumena
2027 738 2164 780 mea,

507 796 791 859 redigeres,
830 803 911 846 sat
949 798 1078 857 scio,
1117 798 1173 846 in
1207 814 1390 860 gyrum
1429 798 1650 847 rationis
1689 797 1829 847 hanc
1867 796 2086 859 rigidam
2125 796 2169 845 &

506 874 798 936 plusquam
827 874 1141 924 Catonicam
1169 891 1442 924 censuram
1466 880 1635 924 tuam.

574 950 675 1000 Gil.
718 951 989 1013 Accepisti
1031 968 1061 1000 a
1101 968 1188 1000 me
1229 968 1433 1001 merces
1474 951 1705 1014 optimas
1754 966 1764 999 :
1812 949 1976 1000 redde
2022 967 2168 1000 nunc

507 1043 780 1076 nummos,

570 1105 691 1152 Ped.
720 1104 970 1166 Optimas
1003 1104 1072 1154 ab
1107 1105 1312 1167 optimo
1349 1105 1461 1167 ipse
1497 1105 1733 1166 optimus
1768 1103 1950 1166 accepi
1980 1120 1990 1152 ε
2030 1104 2167 1152 Con·

507 1179 641 1230 cedo
667 1181 868 1230 omnia.

572 1258 673 1306 Gil.
702 1257 873 1308 Taces
909 1265 1088 1308 autem
1130 1257 1196 1307 de
1236 1257 1530 1307 reddendO.
1561 1258 1710 1321 Quin
1743 1259 1903 1320 igitur
1938 1258 2168 1320 optimas

509 1335 714 1397 optimo
754 1336 1031 1398 persolvas
1064 1334 1284 1385 tandem
1329 1335 1607 1398 pecunias.
1650 1335 1910 1395 Alioquin
1955 1351 2065 1384 non
2112 1351 2168 1383 es

510 1412 764 1474 optimus.

569 1489 689 1538 Ped.
720 1488 968 1539 Nimium
1003 1506 1060 1538 es
1100 1488 1393 1538 vehemens
1431 1488 1673 1550 feroxque
1712 1494 1919 1538 natura.
1959 1488 2083 1538 Non
2116 1494 2168 1538 te

507 1565 676 1628 pudet
694 1567 770 1615 sic
789 1583 977 1628 urgere
996 1566 1296 1628 jacentem?
1316 1564 1478 1629 Quod
1497 1565 1754 1625 differtur,
1777 1583 1888 1615 non
1911 1565 2164 1625 aufertur,

509 1643 588 1691 vir
621 1643 840 1705 optime.
879 1643 936 1692 Si
971 1642 1103 1704 quid
1138 1644 1205 1692 sit
1239 1643 1295 1692 in
1329 1660 1415 1692 me
1449 1642 1761 1702 honestatiS,
1790 1642 1958 1705 (quod
1993 1643 2171 1707 sciunt

510 1736 699 1769 omnes
718 1736 829 1769 non
848 1736 963 1769 esse
983 1721 1258 1782 exiguum)
1276 1718 1499 1769 reddam
1519 1720 1700 1769 omnia
1720 1726 1843 1769 ante
1861 1721 2168 1782 proximum

508 1796 891 1858 plenilunium.
920 1796 1051 1858 [153]

576 1872 678 1922 Gil.
705 1875 775 1922 At
799 1873 931 1922 mihi
950 1874 1061 1935 jam
1087 1871 1328 1922 eundum
1355 1879 1434 1922 est
1456 1872 1524 1922 ad
1550 1872 1839 1922 nundinas.

570 1950 691 1998 Ped.
719 1951 788 1998 At
810 1942 944 1998 mihi
979 1950 1114 1999 nihil
1147 1949 1458 1999 faciendum
1482 1950 1631 1998 invita
1654 1950 1891 2008 Minerva,
1921 1949 1975 1999 id
1999 1956 2094 2010 est,
2123 1950 2167 2000 si

510 2042 622 2075 non
646 2027 713 2075 sit
735 2025 894 2075 vnde.
924 2026 1031 2076 Sed
1056 2027 1332 2076 mittamus
1356 2027 1456 2076 ista
1474 2029 1695 2094 πάρεργα.
1719 2026 2011 2090 Quomodo
2030 2028 2173 2077 valet

511 2119 639 2154 vxor
682 2109 774 2153 tua
819 2109 1063 2152 matrona
1107 2103 1460 2166 gravissima?
1502 2103 1683 2154 Audio
1729 2121 1847 2153 eam
1893 2102 2169 2166 gravidam

510 2197 625 2229 esse
654 2197 664 2228 :
694 2181 834 2230 Iuno
862 2181 1072 2230 Lucina
1097 2179 1174 2230 fer
1199 2197 1376 2243 opem,
1405 2180 1646 2230 obsecro.

577 2257 678 2306 Gil.
709 2257 843 2316 Nos,
865 2258 959 2319 qui
978 2274 1171 2307 uxores
1189 2256 1449 2307 &liberos
1474 2257 1755 2317 habemus,
1783 2274 1896 2307 non
1919 2258 2171 2307 convenit

509 2333 652 2384 dicta
675 2350 772 2396 pro
797 2333 991 2383 debitis
1015 2334 1276 2396 accipere,
1305 2334 1480 2383 Verba
1505 2351 1615 2384 non
1641 2335 1795 2404 alunt
1815 2333 2094 2384 familiam.

572 2411 694 2460 Ped.
724 2412 843 2460 Imo
868 2417 1008 2460 certe
1034 2411 1077 2460 si
1104 2411 1475 2460 Ciceroniana.
1505 2402 1873 2461 Dromodotus
1908 2428 2061 2461 meus
2092 2417 2171 2460 est

513 2488 597 2537 vel
639 2488 917 2537 Dromone
958 2488 1151 2549 quovis
1191 2487 1391 2538 tardior
1434 2505 1444 2536 ε
1492 2488 1607 2537 haec
1653 2488 1797 2538 enim
1844 2488 2170 2551 etymologia

513 2565 750 2614 nominis
773 2565 907 2615 eius.

576 2642 677 2691 Gil.
706 2643 824 2704 Ego
847 2641 982 2691 ferre
1007 2659 1219 2703 nequeo
1248 2642 1756 2705 procrastinationes
1787 2643 1930 2691 istas.
1962 2642 2170 2691 Merces

511 2717 643 2768 mihi
668 2718 912 2768 emendae
929 2719 1178 2781 praesenti
1202 2719 1452 2781 pecunia,
1481 2735 1593 2768 non
1617 2719 1911 2781 sententijs.

572 2796 692 2844 Ped.
733 2795 922 2845 Habes
961 2795 1309 2845 confitentem
1350 2812 1501 2845 reum
1541 2812 1551 2843 :
1595 2801 1804 2845 tantum
1844 2794 1940 2844 tibi
1975 2794 2165 2854 debe0‚
2221 2851 2224 2853 Α

512 2878 776 2933 quantum
799 2872 1077 2922 hominem
1103 2872 1311 2921 homini
1336 2871 1531 2922 debere
1554 2872 1643 2921 vix
1665 2871 1746 2921 fas
1771 2877 1867 2921 est.

578 2949 680 2998 Gil.
708 2949 949 2998 Omnino
973 2948 1078 2998 hoc
1100 2949 1197 2998 tibi
1221 2966 1343 2998 vere
1368 2947 1580 3007 excidit,
1607 2948 1687 2997 fas
1725 2965 1836 2998 non
1867 2954 1963 3008 est,
1990 2965 2167 3010 neque

512 3026 625 3074 erit.
652 3024 826 3075 Video
852 3025 984 3075 mihi
1009 3025 1267 3088 deinceps
1291 3026 1407 3087 lege
1432 3024 1703 3087 agendum
1729 3042 1862 3074 esse.
1892 3025 2021 3088 [154]

572 3103 692 3152 Ped.
722 3101 927 3152 Eodem
962 3102 1267 3151 revolveris.
1294 3102 1556 3152 Necessitas
1588 3119 1678 3150 non
1711 3102 1844 3150 habet
1875 3103 2033 3165 legem.
2062 3099 2168 3151 Sed

514 3195 719 3238 eccum,
762 3178 983 3229 tandem
1028 3178 1179 3228 adest
1217 3179 1424 3229 amicus
1468 3177 1691 3240 quidam
1734 3195 1903 3239 meuS,
1947 3179 2169 3240 quicum

512 3256 810 3305 necessaria
863 3256 1078 3321 negotia
1118 3254 1456 3305 intercedunt
1495 3255 1645 3305 mihi.
1687 3256 1803 3305 Iam
1849 3271 1992 3318 erg0,
2039 3270 2168 3321 prae-

2393 3634 2444 4140 msswfflssssfflmss
2419 3523 2444 3610 is„-
2427 3485 2438 3491 ,·
2426 3463 2444 3475 f
2423 3423 2444 3451 ff..
2440 3351 2444 3358 ἶ
2423 3269 2444 3336 ᾳ
2431 3204 2444 3223 -,
