2444 4140
258 723 379 774 2355

261 1105 384 1153 2360

262 1482 383 1532 2365

197 1850 202 1854 ’
266 1862 388 1922 2370

267 2240 388 2301 2375

271 2619 393 2668 2380

856 418 1166 474 Pedantius
1189 419 1360 475 A.-V.
1388 419 1479 474 Sc.
1503 428 1546 472 1.
1987 420 2057 488 67

421 589 508 622 are
532 572 828 622 calcaribus
856 572 1157 632 verborum,
1184 572 1431 635 suspicax
1463 589 1575 624 non
1607 590 1744 633 sum,
1780 578 1895 623 tum
1931 573 2058 638 quia

422 648 554 698 mihi
578 665 699 698 vere
722 665 978 710 generosa
1001 665 1154 698 mens
1177 655 1271 708 est,
1297 655 1412 699 tum
1437 650 1563 710 quia
1585 655 1635 698 te
1658 650 1816 701 Amo,

484 725 590 775 Ble.
619 725 688 773 Et
711 740 809 786 ego
843 730 893 773 te
929 724 1004 773 sic
1036 726 1175 773 Amo
1209 725 1460 784 vicissim,
1487 731 1546 776 ut
1577 726 1662 775 vel
1697 725 1843 775 mille
1884 725 2056 776 minas

422 805 540 849 tuas
563 817 657 862 per
680 800 986 850 universum
1016 806 1272 851 terrarum
1307 800 1490 850 orbem
1523 799 1683 851 nudis
1715 800 1944 863 pedibus
1968 800 2054 851 de·

406 880 706 938 portarem,
734 876 778 925 si
795 875 1029 938 juberes.

483 952 603 1000 Ped.
641 950 748 1000 Sed
781 968 892 1000 non
919 952 1100 1014 jubeo.
1140 952 1302 1002 Nunc
1335 952 1414 1014 (ut
1446 969 1507 1002 eo
1538 958 1877 1012 revertamur,
1913 951 2059 1004 unde

424 1026 638 1076 deflexit
676 1027 863 1088 oratio)
903 1027 1049 1076 dicas
1086 1033 1338 1089 praeterea
1379 1026 1582 1089 Lydiae,
1626 1045 1740 1077 esse
1779 1027 1923 1091 apud
1971 1045 2057 1079 me

426 1119 642 1152 acervos
666 1119 890 1164 magnos
914 1102 957 1150 &
980 1104 1177 1153 multos
1201 1104 1330 1163 auri,
1356 1109 1612 1165 tanquam
1635 1104 1808 1163 tritici,
1835 1104 1879 1152 δε
1911 1103 2058 1156 dicas

425 1177 676 1228 audacter
707 1179 1017 1241 interposito
1041 1179 1105 1241 (si
1130 1195 1265 1241 opus
1298 1178 1384 1241 sit)
1402 1179 1722 1241 juramento,
1751 1180 1894 1230 Nam
1926 1179 2059 1232 nihil

424 1260 532 1303 tam
558 1254 886 1314 incredibile,
913 1255 1045 1315 quin
1067 1253 1296 1304 dicendo
1319 1254 1412 1304 fiat
1433 1254 1728 1317 probabile.
2071 1264 2074 1267 ’

486 1331 593 1379 Ble.
622 1330 691 1379 Et
724 1329 917 1379 addam
952 1331 1111 1379 etiam
1143 1336 1195 1379 te
1227 1336 1398 1380 totum
1433 1347 1547 1379 esse
1581 1347 1816 1390 aureum,
1843 1331 1987 1382 intus
2014 1331 2058 1383 &

429 1411 596 1455 extus.
625 1407 742 1467 Ego
766 1406 862 1455 tibi
885 1406 1264 1455 incredibiliter
1287 1406 1589 1467 obsequens
1612 1423 1719 1456 ero,

488 1483 607 1531 Ped.
637 1483 754 1531 Imo
777 1483 970 1543 partim
994 1499 1231 1541 aureum,
1258 1482 1450 1544 partim
1474 1498 1726 1532 carneum
1750 1499 1863 1532 esse
1894 1482 2058 1534 dicas.

429 1557 571 1606 Nam
596 1558 639 1605 si
664 1557 796 1606 mihi
821 1558 1074 1619 nupserit,
1097 1575 1197 1608 nec
1218 1557 1437 1621 habebit
1458 1574 1647 1608 aurum
1671 1558 1785 1608 sine
1808 1559 1939 1618 viro,
1960 1576 2060 1610 nec

426 1633 599 1682 virum
645 1633 759 1681 sine
802 1649 931 1682 auro
971 1634 1142 1695 (juxta
1184 1634 1557 1682 Themistocleum
1600 1633 1772 1695 illud).
1822 1635 1942 1683 Hos
1986 1635 2062 1684 in-

429 1725 588 1770 super
610 1707 785 1757 tradas
819 1707 1090 1758 eiaureos
1121 1708 1165 1756 δε
1198 1709 1537 1758 altitonantes
1567 1725 1768 1769 versus,
1793 1708 2062 1760 festinanti

429 1783 647 1844 quidem
672 1785 878 1833 calamo
903 1785 1231 1846 conscriptos
1258 1801 1270 1832 z
1297 1783 1391 1833 sed
1415 1801 1443 1833 e
1462 1784 1657 1845 quibus
1682 1784 2062 1848 in-[135]te11ig-

431 1876 516 1908 ere
555 1861 723 1922 possit
764 1861 947 1909 Musas
987 1877 1132 1909 meas
1171 1876 1283 1909 non
1326 1876 1440 1909 esse
1485 1866 1676 1919 mutas,
1719 1860 1813 1910 sed
1858 1866 2063 1910 nostras

431 1937 984 1985 Camoenasamaenas
1019 1953 1029 1984 ε
1066 1935 1191 1986 audi
1219 1953 1229 1984 :
1263 1937 1414 1985 Vnam
1444 1941 1612 1998 semper
1643 1938 1778 1996 Amo,
1816 1937 1945 1998 cujus
1976 1954 2064 1985 non

429 2013 577 2060 solvor
600 2013 654 2060 ab
687 2013 818 2060 hamo
844 2031 859 2060 :
883 2029 906 2060 ο
927 2014 1058 2061 Deus
1089 2012 1139 2060 in
1171 2012 1356 2073 quantis
1378 2011 1486 2073 (hic
1519 2011 1749 2062 subaudi
1781 2013 1865 2061 vel
1899 2013 2060 2071 curis,

429 2088 512 2136 vel
548 2087 776 2150 gaudijs)
810 2088 991 2136 animus
1021 2092 1227 2136 versatur
1259 2088 1473 2136 amantis,
1502 2089 1761 2150 Reliquos
1793 2094 1961 2148 taceo,
1989 2105 2064 2137 se-

431 2169 572 2217 creta
611 2164 755 2212 enim
794 2181 905 2213 non
949 2162 1243 2212 enarranda
1286 2164 1574 2213 continent.
1623 2165 1693 2213 Et
1735 2164 1895 2213 simul
1940 2180 2064 2214 cum

433 2240 605 2288 aureis
634 2238 810 2288 tradas
844 2241 887 2301 ej
923 2239 1069 2288 hunc
1102 2256 1322 2289 aureum
1355 2239 1652 2299 Annulum,
1680 2240 1767 2290 cui
1801 2239 2067 2289 emblema

435 2315 762 2376 insculptum
802 2321 896 2374 est,
941 2316 1034 2364 Cor
1067 2315 1237 2377 sagitta
1269 2315 1543 2378 transfixum
1587 2331 1710 2365 cum
1754 2314 1858 2365 hoc
1901 2314 2063 2365 dicto.

440 2392 592 2440 Venus
621 2391 862 2440 Venatrix.
889 2391 1091 2440 scilicet
1111 2392 1296 2441 Venus
1332 2390 1506 2451 Lydia
1540 2396 1633 2450 est,
1661 2391 1849 2453 sagitta
1880 2393 2063 2449 Amor,

435 2467 634 2516 Cervus
660 2467 763 2515 Cor
785 2483 984 2516 meum.
1012 2462 1082 2515 Et
1105 2467 1264 2517 simul
1295 2483 1418 2516 cum
1447 2467 1667 2516 Annulo
1701 2472 1921 2529 apporta
1953 2466 2068 2519 haec

433 2542 669 2591 carmina
694 2542 1071 2604 Commentarij
1097 2542 1217 2590 loco
1245 2558 1256 2590 ε

660 2618 904 2681 ,(ἲοῐηρειίε
926 2618 1212 2677 constrictus,
1239 2618 1422 2678 teloque
1448 2617 1698 2679 Cupidinis
1718 2616 1835 2665 ictus

721 2695 802 2742 En
827 2698 931 2742 tuus
953 2697 1018 2741 est
1039 2693 1194 2743 Cicero
1210 2711 1230 2752 ,·
1257 2694 1334 2742 Tu
1343 2692 1427 2754 fer
1449 2697 1580 2755 opem
1603 2693 1779 2742 misero.

497 2770 603 2818 Ble.
632 2769 879 2818 Profecto
904 2770 1139 2818 carmina
1156 2785 1277 2818 vere
1294 2770 1488 2828 Aurea,
1515 2767 1558 2815 &
1579 2769 1701 2831 plus
1725 2785 1887 2829 quam
1908 2766 2068 2818 Ovid-

436 2845 591 2905 iana;
628 2846 671 2894 si.
707 2862 734 2894 e
769 2846 915 2894 silice
949 2851 1072 2894 nata
1105 2845 1188 2903 sit,
1224 2850 1403 2893 tamen
1443 2843 1558 2893 haec
1595 2843 1822 2906 legendo
1874 2842 1970 2892 tibi
2014 2843 2070 2892 in

380 2962 383 2964 a
437 2935 616 2970 amore
661 2919 1065 2970 obsecundabit.
1116 2921 1256 2969 Dato
1295 2920 1406 2982 jam
1451 2936 1542 2969 eos
1586 2919 1718 2968 mihi
1765 2935 1776 2968 :
1823 2917 2070 2985 nunquid

207 3031 211 3035 -
273 2996 394 3046 2385

437 2995 584 3046 aliud
607 2997 724 3046 vis?

498 3074 617 3121 Ped.
643 3074 715 3121 Vt
735 3088 957 3134 peragas
981 3073 1079 3121 ista
1102 3070 1346 3121 fideliter.

499 3149 606 3197 Ble.
635 3148 802 3211 Quasi
827 3148 926 3197 isto
951 3164 1087 3210 opus
1110 3148 1177 3196 sit
1198 3147 1408 3198 hortatu
1429 3147 1438 3197 !

499 3225 618 3277 Ped.
647 3224 716 3273 Et
737 3222 1042 3292 prudenter.
1070 3222 1198 3291 [136]
