2444 4140
360 718 484 779 2460

359 1096 480 1159 2465

360 1495 484 1544 2470

534 412 603 475 70
987 395 1301 459 Pedant'i'us
1324 395 1406 459 Α.
1439 413 1500 459 V.
1522 395 1614 460 Sc.
1644 403 1715 458 Π.

528 561 699 623 magis
724 558 901 619 credo,
929 559 972 607 ἃ
998 558 1127 622 [140]
1160 565 1219 608 ut
1251 560 1430 622 placet
1462 561 1750 622 plerisque,
1777 561 1989 610 nullum
2024 560 2187 611 habet

528 638 854 699 singularem
879 653 1167 685 numerum
1182 634 1436 686 omnino.

588 715 710 763 Par.
740 714 893 762 Certe
918 729 1029 762 non
1054 713 1276 762 memini
1301 713 1573 763 audivisse
1607 731 1693 763 me
1728 731 1970 775 unquam
2006 732 2187 764 armum

527 791 583 840 in
612 789 889 851 singulari,
917 788 1012 838 sed
1046 806 1193 839 nunc
1218 788 1475 853 deinceps
1500 790 1613 853 (tua
1645 789 1811 840 fretus
1846 791 2187 852 authoritate)

526 866 796 929 vsurpabo
841 883 852 914 :
894 865 971 915 sic
1013 866 1176 916 etiam
1215 865 1259 914 &
1302 867 1780 930 reprehensoribus
1825 867 2184 930 respondebo,

524 944 555 992 Ι
551 947 630 1006 pse
652 942 795 992 dixit.

590 1020 708 1068 Ped.
753 1019 851 1068 Est
890 1018 1162 1070 interdum
1203 1019 1350 1083 apud
1389 1020 1596 1083 priscos
1637 1021 2047 1080 Grammaticos,
2093 1019 2187 1070 sed

525 1113 643 1146 raro
662 1102 754 1146 aut
772 1113 1072 1158 nunquam.
1095 1097 1181 1148 Tu
1199 1114 1325 1147 vero
1344 1098 1581 1160 primum
1601 1115 1704 1158 me,
1722 1097 1918 1148 deinde
1939 1099 2186 1148 Ciceron-

526 1191 612 1223 em
653 1173 808 1235 quasi
842 1174 1086 1236 puriores
1124 1174 1431 1224 Latinitatis
1462 1174 1719 1224 authores
1755 1175 2013 1236 sequaris,
2048 1181 2107 1225 ut
2136 1181 2187 1224 te

525 1268 714 1300 omnes
734 1249 981 1313 Pedantij
1004 1250 1335 1314 discipulum
1353 1251 1566 1314 possint
1585 1268 1876 1314 agnoscere
1899 1269 1909 1301 :
1933 1251 2019 1301 odi
2041 1252 2187 1301 enim

527 1344 627 1390 ego
654 1344 873 1377 omnem
899 1328 1372 1390 incongruitatem.

587 1406 710 1454 Par.
736 1405 864 1453 Non
883 1421 983 1466 ego
1001 1405 1080 1455 tui
1098 1406 1182 1454 vel
1203 1405 1622 1455 minutissimam
1646 1405 1966 1468 particulam
1986 1405 2185 1468 ingenij

528 1498 771 1542 unquam
816 1487 1003 1544 potero
1050 1482 1349 1531 imitatione
1394 1483 1479 1531 vel
1526 1481 1744 1532 assidua
1789 1483 2003 1543 assequi
2046 1499 2057 1530 :
2108 1483 2190 1531 Ita

526 1565 743 1621 superat
766 1559 950 1607 multis
974 1558 1231 1620 gradibus
1251 1559 1570 1608 excellentia
1588 1565 1681 1609 tua
1699 1566 2018 1616 coeterorum
2039 1576 2188 1608 omn·

446 1701 448 1703 Ι
529 1636 642 1685 ium
667 1634 1112 1686 mediocritatem.

362 1866 484 1930 2475

362 2251 488 2313 2480

363 2634 485 2697 2485

365 3034 488 3081 2490

588 1713 709 1761 Ped.
756 1713 840 1761 Ne
881 1711 1149 1774 desperes,
1198 1713 1416 1773 Parille,
1464 1713 1647 1763 Labor
1687 1712 1966 1775 improbus
2006 1713 2189 1762 omnia

440 1814 441 1818 ,
491 1804 497 1813 Ὗ
528 1789 713 1838 vincit.
740 1788 846 1838 Vbi
871 1789 1102 1851 improbus
1125 1789 1334 1851 capitur
1358 1781 1438 1852 (ut
1461 1789 1632 1852 vides)
1658 1791 1713 1839 in
1737 1790 1938 1839 bonam
1961 1795 2185 1852 partem.

536 1866 652 1914 Nos
670 1864 967 1914 doctissimi
987 1865 1278 1915 habuimus
1294 1867 1457 1916 etiarn
1473 1866 1632 1927 (sicut
1651 1884 1797 1916 nunc
1815 1868 1893 1926 tu)
1908 1865 2188 1916 infantiam

529 1948 785 1991 nostram.
825 1941 932 1991 Sed
968 1941 1036 1991 ad
1077 1959 1140 1991 eo
1182 1959 1303 2003 quae
1343 1943 1400 1992 in
1435 1943 1687 1992 manibus
1710 1943 2013 1993 habemus:
2042 1942 2188 1992 verb-

530 2036 623 2068 um
663 2018 792 2082 [141]
818 2019 1052 2078 tertium,
1081 2020 1164 2068 vel
1200 2020 1382 2082 potius
1417 2037 1522 2069 vox
1554 2021 1707 2070 tertia
1732 2021 1884 2083 (togae)
1909 2026 1988 2069 est
2020 2019 2189 2069 foemi-

530 2096 645 2145 nini
670 2096 880 2157 generis
913 2096 1028 2145 sine
1064 2096 1213 2145 omni
1248 2097 1631 2146 controversia.
1667 2097 1824 2145 Ratio
1859 2102 2039 2146 autem
2075 2095 2191 2146 haec

531 2178 626 2231 est,
654 2173 782 2233 quia
807 2189 995 2221 omnes
1019 2172 1257 2222 foeminae
1280 2179 1474 2235 togatae
1499 2180 1641 2223 sunt.
1666 2174 1910 2231 Concedat,
1940 2172 2082 2222 idem
2113 2178 2192 2222 est

532 2248 679 2310 quod
714 2252 856 2308 cedat,
886 2250 989 2298 nisi
1024 2249 1172 2310 quod
1208 2249 1437 2300 addatur
1470 2250 1678 2312 syllaba
1711 2268 1820 2300 una
1854 2249 1922 2299 ad
1957 2250 2190 2312 comple-

530 2332 764 2376 mentum
789 2326 1042 2375 carminis
1067 2343 1146 2375 con
1171 2343 1180 2375 :
1207 2326 1459 2376 videlicet
1482 2327 1713 2389 (videlicet
1733 2334 1913 2376 autem
1938 2333 2032 2386 est,
2060 2343 2123 2376 ac
2147 2327 2192 2376 si

529 2402 782 2462 dicerem,
809 2403 960 2452 videre
995 2402 1116 2465 licet)
1149 2404 1341 2453 Laurea
1376 2404 1434 2452 (δ’
1468 2405 1633 2467 lingua
1667 2409 1792 2453 sunt
1825 2404 1986 2453 etiam
2019 2402 2188 2452 foemi-

531 2480 646 2529 nini
687 2481 915 2542 generis,
959 2479 1054 2529 sed
1099 2480 1286 2542 lingua
1330 2481 1691 2543 potissimum.
1741 2480 1862 2529 Eho
1906 2479 2190 2543 perstrinxi

529 2556 780 2606 foeminas
832 2573 1038 2616 omneS,
1086 2563 1277 2620 praeter
1321 2574 1488 2607 meam
1536 2556 1787 2619 Lydiam.
1838 2556 1944 2606 Sed
1995 2556 2062 2606 de
2106 2555 2190 2605 his

531 2634 758 2696 singulis
799 2633 947 2697 (quia
992 2635 1120 2684 nolo
1156 2634 1219 2696 ijs
1253 2633 1456 2684 diutius
1491 2633 1785 2695 immorari)
1816 2649 1994 2694 quaere
2025 2633 2189 2695 Calep-

527 2711 657 2760 inum
681 2711 774 2772 qui
794 2711 947 2760 vobis
967 2718 1046 2760 est
1066 2711 1292 2774 Calliope,
1316 2711 1426 2760 sive
1446 2712 1582 2761 inter
1603 2712 1789 2760 Musas
1806 2710 2186 2772 pulcherrima.

591 2788 714 2837 Par.
743 2788 800 2837 Si
825 2788 914 2837 ille
939 2787 1072 2837 mihi
1097 2804 1209 2837 non
1233 2787 1565 2847 satisfecerit,
1594 2794 1644 2836 te
1669 2787 1951 2836 consulam
1986 2785 2186 2836 denuo.

590 2866 712 2914 Ped.
739 2863 895 2914 Adde
920 2863 1068 2925 quod
1092 2864 1197 2913 hoc
1222 2865 1277 2913 in
1302 2866 1423 2914 loco
1448 2865 1608 2914 etiam
1634 2863 1806 2925 figura
1831 2861 2080 2924 quaedam
2112 2868 2190 2912 est

534 2941 823 2990 Rhetorica
847 2942 1023 3002 (cuius
1047 2957 1249 2990 nomen
1280 2941 1392 3003 jam
1425 2941 1558 2990 mihi
1583 2957 1695 2989 non
1719 2940 1969 3002 occurrit)
1994 2955 2190 3001 nempe

532 3036 657 3068 cum
682 3035 854 3068 unum
878 3018 1098 3080 ponitur
1120 3034 1217 3080 pro
1242 3018 1427 3067 altero.

590 3096 714 3144 Par.
742 3096 945 3144 Annon
968 3093 1383 3155 synechdoche?
1406 3094 1489 3143 vel
1514 3094 1696 3157 potius
1723 3092 2097 3155 Metonymia?

593 3173 714 3220 Ped.
746 3173 929 3221 Recte.
957 3171 1109 3233 Toga
1133 3171 1278 3220 enim
1303 3177 1382 3220 est
1409 3171 1628 3232 Insigne
1659 3171 1947 3232 gravitatiS,
1976 3168 2020 3216 ἃ
2043 3166 2189 3231 apud

534 3248 812 3297 Romanos
831 3252 911 3310 (ut
930 3253 1191 3298 testantur
1208 3246 1463 3309 historiae)
1483 3248 1666 3299 multae
1697 3253 1847 3297 erant
1874 3252 2036 3308 togae;
2059 3244 2189 3309 [142]

2421 3102 2444 3142 22
2420 3020 2444 3067 ἢῆ..
2418 2461 2444 2998 ιπςμιῑιῆαξῡιηὴηὴίὸῇκωςκῌλωῃ
2426 2391 2444 2446 2:1..2
2437 2272 2444 2303 ..-
2441 2219 2444 2224 .
2437 2167 2444 2194 «Δ
2438 2134 2442 2143 ψ.
