2444 4140
2010 191 2107 249 147

308 331 488 380 Catun.
508 331 689 378 XLIX.
711 350 730 378 1
757 347 767 379 z
791 333 1129 380 Disertissime
1146 333 1345 380 Romuli
1359 338 1597 390 nepotum
1613 332 1748 393 Quot
1762 337 1876 378 sunt
1892 337 2111 389 quotque

361 401 516 447 fuere.

145 475 457 516 2314-2316
485 469 559 515 ubi
577 473 639 515 est
656 470 893 516 Pedantius
912 487 1029 518 meus
1044 472 1067 518 Ρ
1085 495 1138 502 -
1156 474 1212 517 H
1213 475 1250 516 ie
1267 475 1340 525 est,
1363 473 1468 517 vide.
1492 473 1548 516 H
1547 485 1598 516 ac
1617 474 1662 515 in
1678 472 1843 528 pagina
1862 470 1999 516 cubat.

308 539 400 596 Cp.
424 539 587 584 Plaut.
609 540 770 585 Pseud.
795 541 834 585 Ι.
861 558 898 587 1.
922 549 973 586 33
997 556 1007 586 z
1030 541 1116 586 ubi
1137 556 1197 586 ea
1218 548 1308 596 est,
1341 540 1585 587 obsecro?
1614 541 1802 585 Eccam
1830 544 1882 585 in
1910 539 2107 585 tabellis

363 611 643 666 porrectam
665 622 675 653 :
698 611 750 654 in
769 622 884 655 cera
905 609 1069 655 cubat.

146 682 292 723 2318
321 678 569 723 Excitemus
589 691 699 723 eum.
723 678 887 724 Ludio
907 678 1154 737 probably
1174 678 1364 724 knocks
1386 679 1468 723 the
1488 678 1622 724 book
1642 683 1727 724 out
1747 677 1801 724 of
1815 678 1900 723 the
1929 677 2114 723 tailor's

364 745 516 793 hand.

148 822 297 861 2322
329 819 500 866 Tuas...
522 819 820 875 castigationes
837 818 884 863 in
905 818 1148 864 Ciceronem
1164 818 1186 863 Ρ

312 888 360 935 Α
391 888 576 946 phrase
608 887 837 943 frequent
870 901 935 932 on
967 886 1248 943 titlepages‚
1282 900 1376 943 eg.
1408 885 1676 942 Gryphius’
1715 886 1791 931 ed.
1831 885 1885 931 of
1919 884 2113 940 Cicero,

366 957 495 1004 Rhet.
517 958 576 1002 ad
593 958 793 1002 Herenn.
819 956 978 1011 Lugd.
1006 960 1107 1002 1551
1131 956 1200 1000 &c
1224 970 1234 1000 ε
1258 970 1284 995 (ε
1300 955 1377 1001 Ex
1398 956 1454 1001 Ρ.
1488 955 1695 1000 Victorii
1725 968 1784 1000 ac
1816 955 1872 999 P.
1906 955 2119 1000 Manutii

368 1025 776 1083 castigationibus
792 1039 834 1068 ›>.

151 1098 296 1137 2332
322 1095 476 1140 Litera
494 1096 655 1152 scripta
670 1097 824 1140 manet.
850 1093 957 1140 The
975 1106 1152 1139 source
1168 1092 1222 1139 of
1231 1092 1329 1138 this
1346 1093 1528 1148 phrase
1540 1093 1631 1139 has
1649 1092 1783 1139 often
1798 1092 1928 1138 been
1945 1091 2124 1149 sought

370 1168 423 1209 in
441 1167 573 1209 vain.
595 1163 693 1210 See
713 1164 849 1210 Notes
868 1163 958 1208 and
974 1163 1062 1221 Qu.
1085 1164 1149 1207 5ιὴ
1170 1161 1277 1208 Ser.
1299 1162 1415 1208 VII.
1442 1179 1506 1216 19.
1529 1169 1597 1216 39.

153 1236 295 1275 2343
309 1232 440 1291 flocci
441 1232 660 1289 faciendo.

318 1300 409 1358 Cp.
434 1302 596 1347 Plaut.
620 1302 746 1347 Men.
770 1302 832 1345 V.
855 1317 895 1357 7.
920 1305 959 1345 5.
979 1306 1072 1346 etc.
1097 1300 1195 1345 and
1217 1299 1363 1358 Lyly‚
1391 1300 1547 1346 Midas
1578 1300 1664 1345 IV.
1691 1316 1708 1345 1
1746 1312 1755 1342 ε
1790 1300 1811 1346 I
1842 1299 1947 1345 will
1974 1313 2127 1346 never

373 1383 489 1417 care
508 1371 648 1416 three
669 1370 827 1416 flocks
847 1369 922 1415 for
937 1370 1014 1415 his
1036 1369 1290 1416 ambition.

157 1443 302 1482 2352
330 1443 567 1486 currentem
582 1443 761 1485 incitare
775 1439 1027 1485 calcaribus.

321 1507 412 1564 Cp.
435 1508 540 1555 Cic.
562 1510 612 1555 de
632 1509 715 1554 Or.
738 1509 804 1554 II.
827 1528 895 1566 44.
922 1515 999 1554 186
1023 1521 1032 1551 :
1057 1514 1334 1553 currentem
1354 1511 1576 1554 incitare.

322 1577 452 1624 Plin.
473 1580 561 1635 Ep.
586 1578 625 1623 I.
649 1585 689 1622 8.
716 1594 734 1623 1
761 1593 771 1624 :
796 1577 979 1623 addere
1000 1577 1216 1622 calcaria
1238 1583 1415 1635 sponte
1436 1579 1667 1633 currenti,
1691 1582 1783 1623 ete.

160 1650 311 1689 2368
342 1650 450 1692 uteo
468 1650 751 1701 revertamur,
772 1647 882 1692 unde
902 1647 1066 1704 dfiexit
1083 1650 1237 1691 oratio.

323 1714 415 1773 Cp.
439 1715 543 1762 Cic.
571 1716 699 1760 Tusc.
722 1715 784 1760 V.
810 1723 876 1761 28.
901 1724 952 1760 80
976 1730 986 1759 :
1010 1718 1168 1760 oratio
1188 1715 1361 1760 redeat
1379 1715 1498 1760 illuc
1516 1715 1649 1760 unde
1669 1716 1883 1760 deflexit.

328 1784 551 1843 Harvey,
562 1784 884 1839 Ciceronianus,
903 1799 951 1842 p.
963 1792 1017 1830 60
1029 1798 1038 1829 :
1050 1789 1104 1829 ut
1118 1784 1250 1829 unde
1266 1784 1524 1839 paululum
1539 1785 1752 1840 deflexit,
1772 1785 1949 1829 eodem
1963 1789 2135 1830 nostra

377 1854 663 1899 reuoluatur
683 1857 856 1899 oratio.

165 1927 309 1965 2361
342 1923 453 1968 nihil
470 1926 557 1968 tam
575 1923 816 1968 incredibile
835 1924 941 1979 quin
959 1922 1130 1968 dicendo
1143 1923 1224 1977 fiat
1235 1922 1466 1980 probabile.

329 1990 433 2038 Cic.
455 1993 680 2037 Paradox.
701 1993 891 2037 Proaem.
917 2007 926 2036 :
950 1992 1073 2035 nihil
1093 1997 1194 2036 tam
1214 1991 1504 2036 incredibile
1527 1991 1662 2048 quod
1681 2006 1797 2046 non,
1822 1997 1914 2037 etc.

168 2063 311 2102 2366
339 2074 413 2106 nee
444 2060 610 2106 habebit
634 2075 793 2106 aurum
821 2061 912 2106 sine
941 2061 1047 2115 viro,
1080 2074 1152 2106 nec
1180 2064 1324 2106 virum
1351 2065 1442 2106 stne
1478 2073 1585 2107 auro
1620 2063 1762 2117 (juxta
1796 2061 2139 2108 Themistocleum

381 2128 523 2182 illud).

334 2197 588 2254 Plutarch,
615 2198 819 2244 Themist.
841 2198 1030 2244 XVIII.
1055 2218 1079 2255 4
1112 2213 1122 2243 t
1154 2205 1241 2246 τῶν
1280 2198 1326 2245 δὲ
1365 2200 1602 2262 μνωμένων
1641 2200 1774 2247 αὐτοῦ
1806 2204 1884 2258 τὴν
1923 2199 2140 2266 θυγατέρα

393 2270 468 2315 τὸν
512 2269 680 2326 ἐπιεικῆ
725 2274 804 2315 τοῦ
845 2268 1060 2315 πλουσιοῦ
1103 2269 1344 2334 προκρίνας
1394 2267 1475 2335 ἔφη
1527 2273 1667 2326 ζητεῖν
1718 2268 1851 2335 ἄνδρα
1892 2270 2139 2336 χρημάτων

391 2335 596 2400 δεόμενον
625 2336 791 2400 μᾶλλον
818 2337 846 2394 ἥ
871 2339 1085 2403 χρήματα
1112 2337 1283 2402 ἀνδρός.

333 2416 425 2474 Cp.
449 2418 553 2464 Cic.
576 2419 624 2464 de
641 2419 744 2464 Sen.
768 2419 861 2464 ΙΙΙ.
890 2426 931 2464 8.

170 2491 313 2528 2368
341 2502 493 2532 aureos
504 2489 557 2533 cf>-
568 2489 834 2542 altitonantes
848 2502 1011 2541 versus,
1011 2487 1246 2543 festinanti
1257 2489 1423 2544 quidem
1435 2489 1595 2532 calamo
1607 2492 1874 2546 conscriptos.

335 2555 589 2614 Probably
610 2571 639 2600 a
659 2556 731 2600 hit
752 2564 801 2600 at
824 2556 1069 2613 Harvey’s
1090 2556 1318 2612 frequent
1338 2558 1595 2614 apologies
1616 2557 1691 2602 for
1710 2557 1868 2602 haste.

172 2628 315 2667 2371
357 2626 501 2670 Vnam
519 2630 682 2680 semper
699 2628 829 2679 Amo,
852 2627 974 2680 cujus
993 2640 1078 2670 non
1096 2626 1233 2671 solvor
1251 2626 1303 2669 ab
1324 2627 1461 2670 hamo.

333 2693 455 2740 This
475 2695 575 2739 line
596 2698 638 2739 is
660 2708 741 2739 no.
762 2699 866 2751 3405
890 2698 941 2740 in
963 2694 1185 2739 Binder's
1206 2696 1361 2740 Novus
1386 2695 1635 2740 Thesaurus
1655 2687 1946 2751 Adagiorum‚
1969 2694 2138 2740 where

389 2766 426 2806 it
445 2766 487 2808 is
508 2762 659 2807 taken
677 2762 805 2808 from
829 2763 871 2817 J.
906 2763 1143 2817 Eiselein‚
1175 2765 1485 2819 Sprichzoo'rter
1518 2771 1637 2819 1838,
1669 2779 1718 2823 p.
1746 2781 1837 2821 141.
1859 2764 1967 2810 The
1996 2765 2141 2809 latter

391 2831 525 2877 book
546 2833 567 2876 Ι
590 2832 719 2877 have
739 2837 826 2876 not
847 2846 982 2877 seen.

176 2903 318 2942 23ῒ2
346 2914 368 2945 o
387 2902 511 2946 Deus
529 2904 574 2945 in
595 2905 817 2956 quantis...
839 2903 1012 2946 animus
1030 2905 1228 2947 versatur
1247 2906 1447 2947 amantis.

338 2969 550 3027 Pamph.
574 2970 918 3024 Mauritianus,
937 2971 1208 3026 Pamphilus,
1227 2975 1316 3016 siue
1331 2972 1378 3016 de
1393 2973 1504 3016 Arte
1519 2972 1730 3025 Amandi,
1751 2971 1890 3028 Eleg.
1909 2970 2089 3017 XLIX.
2115 2987 2134 3016 1

394 3038 677 3091 (contained
696 3042 748 3083 in
768 3038 933 3084 Ovidii
952 3040 1146 3093 Erotica‚
1171 3040 1213 3084 F
1214 3039 1401 3085 raneos.
1428 3042 1565 3093 1610).

176 3111 318 3149 2376
346 3120 418 3152 cor
435 3111 594 3163 sagitta
612 3108 883 3165 transfixum.

340 3175 432 3231 Cp.
456 3176 619 3222 Plaut.
642 3178 785 3222 Persa
807 3178 846 3223 I.
872 3194 909 3222 1.
932 3182 983 3223 25
1008 3192 1017 3222 ε
1041 3177 1233 3234 Sagitta
1254 3177 1447 3235 Cupido
1470 3191 1554 3223 cor
1574 3192 1738 3223 meum
1758 3178 2013 3223 transfixit.

177 3248 323 3286 2383
352 3259 372 3289 e
390 3245 504 3290 silice
522 3248 640 3291 nata.
663 3245 754 3302 Cp.
777 3253 857 3293 862
876 3261 920 3292 n·

178 3317 319 3355 2389
347 3314 542 3360 obtundis
563 3329 578 3360 .·
599 3315 783 3371 intelligo
802 3319 923 3361 satis.

341 3382 455 3430 Ter.
477 3384 626 3430 Andr.
651 3384 717 3429 II.
739 3400 780 3432 2.
807 3401 853 3430 11
880 3397 889 3427 ε
914 3383 1176 3439 Obtundis‚
1201 3389 1395 3430 tametsi
1415 3386 1682 3442 intellego?

183 3454 325 3493 2423
355 3453 429 3497 hoe
447 3456 493 3497 in
512 3457 617 3499 votis
636 3458 743 3499 erat.

347 3521 472 3566 Hor.
493 3524 588 3568 Sat.
612 3522 678 3568 II.
700 3530 742 3568 6.
768 3539 786 3568 1
814 3538 824 3568 ε
847 3522 943 3568 hoc
965 3528 1070 3568 erat
1090 3527 1140 3567 in
1160 3527 1304 3569 votis.

185 3591 326 3630 2426
356 3589 522 3636 Cedant
537 3606 663 3636 arma
682 3595 799 3647 togae,
822 3593 1016 3637 concedat
1033 3593 1181 3637 laurea
1200 3593 1372 3647 linguae.

347 3658 564 3706 Cicero's
585 3662 686 3705 line
707 3661 891 3716 quoted
911 3661 978 3718 by
998 3660 1199 3706 himself
1214 3665 1265 3706 in
1284 3663 1353 3707 De
1373 3661 1460 3719 Off.
1486 3662 1523 3706 I.
1549 3678 1615 3709 22.
1648 3678 1698 3718 77
1728 3661 1825 3707 and
1855 3662 2144 3717 elsewhere,

400 3730 453 3775 in
470 3728 556 3776 the
573 3729 701 3778 form
719 3744 746 3770 t<
761 3728 1004 3783 Cedant...
1026 3729 1199 3776 laurea
1218 3730 1409 3778 laudi».
