2444 4140
437 781 558 830 1530

436 1164 553 1213 1535

435 1549 555 1611 1540

434 1933 552 1995 1545

434 2318 555 2366 1550

433 2702 550 2751 1555

434 3085 553 3135 1560

607 416 677 468 44
1008 394 1321 450 Pedantius
1346 397 1425 451 A.
1456 407 1558 452 ΙΙΙ.
1587 398 1678 453 Sc,
1709 409 1766 453 V.

601 553 914 601 continuato
961 549 1177 599 dicendi
1223 567 1436 612 genere.
1478 553 1642 601 Hem.
1693 554 1938 603 Graviter
1981 554 2025 602 &
2070 555 2258 616 iniquo

600 629 780 677 animo
806 627 1093 676 maledicta
1116 634 1207 676 tua
1231 634 1454 689 paterer,
1484 629 1526 677 si
1553 646 1656 688 me,
1685 631 1728 678 si
1752 636 1820 689 te,
1848 636 2106 691 tuamque
2129 662 2190 668 —

661 706 784 752 Dro.
815 704 943 752 Non
976 705 1149 765 patiar
1171 710 1222 753 te
1257 704 1333 752 sic
1359 705 1726 767 subterfugere
1764 723 1775 754 :
1812 707 2079 769 responde
2110 708 2258 758 brev-

602 782 716 829 iter.

658 858 779 905 Ped.
800 857 958 906 Nosti
980 857 1185 918 Regem
1204 859 1499 919 praestolari
1518 857 1810 908 adventum
1830 877 2011 910 meum
2031 867 2255 921 :tamen,

597 934 857 994 quoniam
897 935 1025 982 nolo
1067 940 1126 982 ut
1161 934 1258 996 [87]
1296 935 1481 983 cristas
1514 936 1690 995 tollas,
1729 936 1804 984 sic
1839 936 2054 986 habeto.
2100 939 2258 987 Ratio

600 1017 692 1060 tua
731 1017 810 1059 est
849 1009 1106 1071 languida
1145 1010 1188 1057 δε
1228 1018 1479 1060 enervata
1519 1028 1529 1059 :
1572 1018 1687 1060 tum
1729 1013 1888 1061 etiam
1936 1014 1991 1062 in
2031 1030 2093 1062 ea
2134 1015 2260 1063 latet

597 1086 876 1147 quiddam,
905 1086 1052 1147 quod
1077 1104 1189 1136 non
1211 1094 1358 1149 patet
1386 1105 1396 1136 :
1426 1088 1690 1138 Praeterea
1723 1091 2120 1151 propositiones
2153 1098 2260 1140 tuae

600 1170 725 1213 sunt
764 1180 943 1226 scopae
982 1163 1291 1224 dissolutae;
1336 1165 1586 1225 Denique
1621 1182 1732 1214 non
1767 1172 1845 1214 est
1880 1167 2256 1228 Syllogismus.

601 1241 884 1290 Postremo
909 1247 1108 1302 repete.
1182 1266 1186 1270 -
2154 1257 2157 1259 ’

660 1319 784 1366 Βνο.
814 1318 868 1366 Η
876 1334 951 1367 aec
975 1318 1136 1366 etiam
1162 1324 1287 1367 sunt
1310 1335 1456 1367 mera
1481 1319 1805 1381 crepitacula
1828 1319 1873 1367 δε
1895 1320 2259 1369 111111111131)1113

598 1394 903 1444 verborum.
930 1393 1017 1443 Ad
1041 1411 1153 1443 rem
1178 1394 1221 1442 ἃ
1245 1395 1535 1462 rhombum
1561 1395 1692 1456 quid
1717 1396 1794 1444 ais
1815 1396 1834 1444 Ρ
1868 1396 1924 1445 Si
1948 1414 2060 1446 non
2083 1398 2259 1460 possis

597 1471 726 1521 huic
749 1470 1093 1533 respondere,
1122 1488 1279 1533 agam
1305 1472 1475 1521 aliter.

660 1549 781 1597 Ped.
813 1549 888 1596 Es
911 1554 970 1597 tu
1005 1547 1227 1609 quidem
1263 1565 1384 1598 acer
1418 1549 1475 1598 in
1508 1548 1855 1612 disputando.
1884 1550 2003 1612 Ego
2038 1551 2257 1600 mallem

599 1628 788 1674 cedendo
811 1626 1001 1674 vincere.

659 1704 790 1751 Lud.
821 1704 939 1751 Imo
980 1719 1106 1751 vero
1148 1702 1484 1764 (dignissime
1526 1702 1782 1762 Domine)
1817 1704 1978 1762 vinci,
2016 1703 2142 1763 labi,
2181 1721 2257 1753 er-

598 1797 730 1839 rare,
758 1780 952 1842 decipi,
980 1779 1023 1827 &
1048 1781 1253 1829 malum
1278 1779 1322 1827 &
1345 1786 1499 1842 turpe
1531 1787 1626 1839 est,
1654 1786 1911 1841 tuamque
1946 1780 2000 1829 id
2035 1780 2259 1831 dedecet

599 1857 1003 1906 sublimitatem.
1044 1858 1154 1906 Hic
1194 1863 1252 1906 ut
1284 1874 1315 1905 3
1350 1863 1400 1906 10
1439 1858 1677 1919 palmam
1711 1856 1882 1906 ferat?
1917 1858 2070 1906 Certe
2103 1864 2257 1920 potes

600 1951 724 1983 eum
761 1934 826 1995 (si
860 1933 1044 1994 libeat)
1079 1934 1164 1982 vel
1199 1934 1256 1982 in
1291 1934 1497 1982 cineres
1535 1933 1775 1995 redigere
1816 1941 1946 1984 aestu
1987 1933 2030 1982 &
2069 1934 2257 1984 ardore

596 2010 865 2060 facultatis
889 2017 1011 2060 tuae.

659 2089 781 2135 Dm.
810 2088 866 2136 Si
901 2087 1125 2136 haberes
1165 2088 1444 2149 ingenium
1485 2087 1871 2146 mollificabile,
1909 2094 2001 2137 aut
2035 2085 2252 2148 ductile,

598 2163 746 2225 quod
786 2165 898 2225 jam
944 2165 1288 2225 congelatum
1335 2170 1413 2212 est
1451 2163 1495 2211 δε
1535 2164 1888 2212 111013553111111
1934 2165 2252 2226 ignorantia,

595 2240 945 2303 perducerem
966 2258 1066 2302 ego
1085 2247 1135 2289 te
1160 2240 1228 2289 ad
1254 2240 1618 2290 inscrutabilia
1646 2257 1876 2301 quaeque
1899 2240 2104 2290 10551113
2130 2241 2254 2291 Ρ111-

598 2318 876 2380 losophiae.

658 2396 778 2443 Ped.
809 2395 950 2457 Quia
982 2394 1282 2456 triumphas
1317 2401 1439 2443 ante
1463 2395 1760 2454 victoriam,
1788 2396 1864 2444 sic
1888 2411 2071 2445 rursus
2096 2395 2253 2444 class—

597 2472 741 2520 icum
783 2489 919 2520 cano
959 2489 969 2520 :
1007 2489 1102 2521 cur
1136 2488 1248 2520 non
1284 2471 1380 2532 [88]
1419 2475 1554 2533 potus
1592 2471 1719 2520 facit
1752 2472 1855 2534 poti
1890 2472 1946 2520 in
1996 2471 2250 2533 genitivo,

597 2549 735 2598 sicut
758 2549 882 2597 cibus
904 2549 995 2598 cibi
1009 2551 1034 2598 P
1057 2548 1182 2607 Sed,
1210 2549 1254 2596 si
1277 2549 1470 2610 placet,
1498 2548 1598 2596 ista
1629 2549 1772 2611 sicco
1805 2547 1943 2610 pede
1977 2554 2250 2610 praetereo.

655 2627 777 2674 Dm.
827 2626 1034 2675 Revera
1068 2625 1453 2686 contrapositio
1485 2625 1585 2673 ista
1619 2625 1755 2673 inter
1788 2642 1888 2674 nos
1922 2641 2034 2674 non
2067 2631 2146 2674 est
2189 2641 2254 2673 ex

597 2703 968 2763 consequenti,
1018 2720 1141 2752 cum
1198 2708 1255 2750 tu
1315 2701 1676 2750 Rhetorculus
1731 2701 1864 2750 mihi
1921 2701 2252 2762 Physiologo

594 2780 943 2828 subalternatim
979 2796 1090 2828 non
1124 2778 1474 2827 contradictorie
1509 2778 1834 2840 opponaris;
1871 2777 2072 2827 idcirco
2107 2782 2253 2839 (cum

597 2857 810 2906 nullum
829 2856 1127 2905 violentum
1148 2856 1215 2903 sit
1232 2854 1574 2917 perpetuum)
1593 2854 1846 2903 desistam
1864 2855 1976 2916 jam
2000 2861 2051 2903 te
2074 2861 2252 2904 taxare

595 2939 705 2981 tam
746 2933 1066 2991 terribiliter,
1110 2932 1404 2994 praesertim
1445 2921 1569 2980 cum
1605 2931 1716 2992 jam
1754 2937 2035 2993 promotus
2079 2932 2151 2980 sis
2197 2932 2253 2980 in

595 3009 833 3058 favorem
877 3009 1162 3071 Principis,
1207 3008 1360 3068 quasi
1406 3008 1462 3056 in
1506 3007 1715 3055 tertiam
1755 3008 2030 3069 regionem
2065 3009 2200 3057 aeris
2237 3025 2248 3056 :

597 3086 745 3146 quod
769 3103 939 3136 unum
966 3087 1010 3135 si
1030 3086 1140 3147 jam
1169 3084 1345 3145 Lydia
1378 3090 1470 3133 tua
1505 3084 1677 3142 501101,
1706 3085 2007 3133 111110500101
2029 3084 2251 3134 10113550

595 3164 789 3222 51311111,
817 3162 860 3210 &
884 3169 934 3215 te
959 3179 1071 3211 rem
1099 3161 1441 3223 expetibilem
1466 3159 1702 3209 duceret.

655 3240 775 3286 Ped.
802 3241 872 3287 At
891 3240 1041 3287 illam
1062 3255 1161 3299 ego
1182 3254 1328 3286 nunc
1352 3235 1547 3285 ducam
1574 3236 1678 3298 (vel
1704 3236 1805 3299 dijs
1829 3236 2250 3297 hominibusque

599 3314 798 3379 invitis)
819 3316 1018 3365 etenim
1037 3314 1240 3377 urgebo
1260 3314 1408 3362 illam
1427 3313 1592 3362 literis
1610 3313 1750 3375 regis
1764 3313 2129 3375 mandatorijS.
2143 3312 2251 3363 Sed
