<?xml version="1.0" encoding="UTF-8"?>
<!DOCTYPE html PUBLIC "-//W3C//DTD XHTML 1.0 Transitional//EN"
    "http://www.w3.org/TR/xhtml1/DTD/xhtml1-transitional.dtd">
<html xmlns="http://www.w3.org/1999/xhtml" xml:lang="en" lang="en">
 <head>
  <title>
</title>
<meta http-equiv="Content-Type" content="text/html;charset=utf-8" />
  <meta name='ocr-system' content='tesseract 3.04.00' />
  <meta name='ocr-capabilities' content='ocr_page ocr_carea ocr_par ocr_line ocrx_word'/>
</head>
<body>
  <div class='ocr_page' id='page_1' title='image "./pedantiuslatinco00forsuoft_0134.png"; bbox 0 0 2444 4140; ppageno 0'>
   <div class='ocr_carea' id='block_1_1' title="bbox 543 377 1687 442">
    <p class='ocr_par' dir='ltr' id='par_1_1' title="bbox 543 377 1687 442">
     <span class='ocr_line' id='line_1_1' title="bbox 543 377 1687 442; baseline -0.006 -4"><span class='ocrx_word' id='word_1_1' title='bbox 543 385 612 438; x_wconf 82' lang='lat'>68</span> <span class='ocrx_word' id='word_1_2' title='bbox 957 377 1273 442; x_wconf 80' lang='lat' dir='ltr'>Pedantius</span> <span class='ocrx_word' id='word_1_3' title='bbox 1296 379 1377 434; x_wconf 83' lang='lat' dir='ltr'>A.</span> <span class='ocrx_word' id='word_1_4' title='bbox 1413 388 1472 433; x_wconf 92' lang='lat' dir='ltr'>V.</span> <span class='ocrx_word' id='word_1_5' title='bbox 1501 379 1590 434; x_wconf 81' lang='lat' dir='ltr'>Sc.</span> <span class='ocrx_word' id='word_1_6' title='bbox 1615 389 1687 432; x_wconf 83' lang='lat' dir='ltr'>II·</span> 
     </span>
    </p>
   </div>
   <div class='ocr_carea' id='block_1_2' title="bbox 372 533 2203 2440">
    <p class='ocr_par' dir='ltr' id='par_1_2' title="bbox 372 533 2203 2440">
     <span class='ocr_line' id='line_1_2' title="bbox 599 533 1488 596; baseline -0.006 -9"><span class='ocrx_word' id='word_1_7' title='bbox 599 538 706 587; x_wconf 85' lang='lat' dir='ltr'>Ble.</span> <span class='ocrx_word' id='word_1_8' title='bbox 736 533 1009 585; x_wconf 88' lang='lat' dir='ltr'>Obtundis</span> <span class='ocrx_word' id='word_1_9' title='bbox 1038 550 1048 582; x_wconf 72' lang='grc' dir='ltr'>ε</span> <span class='ocrx_word' id='word_1_10' title='bbox 1076 533 1319 596; x_wconf 81' lang='lat' dir='ltr'>intelligo</span> <span class='ocrx_word' id='word_1_11' title='bbox 1345 534 1488 583; x_wconf 90' lang='lat' dir='ltr'>satis.</span> 
     </span>
     <span class='ocr_line' id='line_1_3' title="bbox 373 611 1085 678; baseline -0.01 -13"><span class='ocrx_word' id='word_1_12' title='bbox 373 616 496 678; x_wconf 82' lang='lat'>2390</span> <span class='ocrx_word' id='word_1_13' title='bbox 601 615 721 664; x_wconf 83' lang='lat' dir='ltr'>Ped.</span> <span class='ocrx_word' id='word_1_14' title='bbox 751 614 820 662; x_wconf 89' lang='lat' dir='ltr'>Et</span> <span class='ocrx_word' id='word_1_15' title='bbox 842 611 1085 661; x_wconf 79' lang='lat' dir='ltr'><strong>honeste.</strong></span> 
     </span>
     <span class='ocr_line' id='line_1_4' title="bbox 600 686 1787 741; baseline -0.003 -2"><span class='ocrx_word' id='word_1_16' title='bbox 600 691 708 741; x_wconf 86' lang='lat' dir='ltr'>Ble.</span> <span class='ocrx_word' id='word_1_17' title='bbox 738 688 916 737; x_wconf 91' lang='lat' dir='ltr'>Nimis</span> <span class='ocrx_word' id='word_1_18' title='bbox 940 686 1215 737; x_wconf 89' lang='lat' dir='ltr'>monendo</span> <span class='ocrx_word' id='word_1_19' title='bbox 1241 688 1613 736; x_wconf 80' lang='lat' dir='ltr'>immemorem</span> <span class='ocrx_word' id='word_1_20' title='bbox 1638 686 1787 737; x_wconf 87' lang='lat' dir='ltr'>facis.</span> 
     </span>
     <span class='ocr_line' id='line_1_5' title="bbox 599 764 2196 826; baseline 0 -10"><span class='ocrx_word' id='word_1_21' title='bbox 599 769 719 817; x_wconf 84' lang='lat' dir='ltr'>Ped.</span> <span class='ocrx_word' id='word_1_22' title='bbox 750 764 1019 814; x_wconf 84' lang='lat' dir='ltr'>Pecunias</span> <span class='ocrx_word' id='word_1_23' title='bbox 1043 765 1162 814; x_wconf 90' lang='lat' dir='ltr'>illas</span> <span class='ocrx_word' id='word_1_24' title='bbox 1186 764 1229 812; x_wconf 87' lang='lat'>&amp;</span> <span class='ocrx_word' id='word_1_25' title='bbox 1253 765 1518 814; x_wconf 90' lang='lat' dir='ltr'>annulum</span> <span class='ocrx_word' id='word_1_26' title='bbox 1543 764 1680 814; x_wconf 85' lang='lat' dir='ltr'>nulli</span> <span class='ocrx_word' id='word_1_27' title='bbox 1705 765 1918 815; x_wconf 86' lang='lat' dir='ltr'>mortali</span> <span class='ocrx_word' id='word_1_28' title='bbox 1952 764 2064 826; x_wconf 91' lang='lat' dir='ltr'>des,</span> <span class='ocrx_word' id='word_1_29' title='bbox 2090 767 2196 816; x_wconf 88' lang='lat' dir='ltr'>nisi</span> 
     </span>
     <span class='ocr_line' id='line_1_6' title="bbox 540 842 906 905; baseline -0.008 -12"><span class='ocrx_word' id='word_1_30' title='bbox 540 842 730 905; x_wconf 86' lang='lat' dir='ltr'>Lydiae</span> <span class='ocrx_word' id='word_1_31' title='bbox 755 857 906 891; x_wconf 86' lang='lat' dir='ltr'>meae.</span> 
     </span>
     <span class='ocr_line' id='line_1_7' title="bbox 599 918 2197 982; baseline 0.001 -13"><span class='ocrx_word' id='word_1_32' title='bbox 599 920 707 969; x_wconf 83' lang='lat' dir='ltr'>Ble.</span> <span class='ocrx_word' id='word_1_33' title='bbox 736 919 878 968; x_wconf 76' lang='lat' dir='ltr'>Scio,</span> <span class='ocrx_word' id='word_1_34' title='bbox 908 918 1027 968; x_wconf 90' lang='lat' dir='ltr'>Nec</span> <span class='ocrx_word' id='word_1_35' title='bbox 1049 923 1182 981; x_wconf 93' lang='lat' dir='ltr'>puto</span> <span class='ocrx_word' id='word_1_36' title='bbox 1207 918 1537 968; x_wconf 88' lang='lat' dir='ltr'>immortales</span> <span class='ocrx_word' id='word_1_37' title='bbox 1561 919 1703 969; x_wconf 91' lang='lat' dir='ltr'>ullos</span> <span class='ocrx_word' id='word_1_38' title='bbox 1737 936 1769 969; x_wconf 89' lang='lat' dir='ltr'>a</span> <span class='ocrx_word' id='word_1_39' title='bbox 1802 935 1888 969; x_wconf 88' lang='lat' dir='ltr'>me</span> <span class='ocrx_word' id='word_1_40' title='bbox 1922 936 2013 970; x_wconf 90' lang='lat' dir='ltr'>eas</span> <span class='ocrx_word' id='word_1_41' title='bbox 2048 936 2197 982; x_wconf 89' lang='lat' dir='ltr'>roga-</span> 
     </span>
     <span class='ocr_line' id='line_1_8' title="bbox 372 998 702 1061; baseline -0.018 -11"><span class='ocrx_word' id='word_1_42' title='bbox 372 998 493 1061; x_wconf 83' lang='lat'>2395</span> <span class='ocrx_word' id='word_1_43' title='bbox 537 1004 702 1048; x_wconf 92' lang='lat' dir='ltr'>turos.</span> 
     </span>
     <span class='ocr_line' id='line_1_9' title="bbox 599 1071 2198 1136; baseline 0 -13"><span class='ocrx_word' id='word_1_44' title='bbox 599 1075 721 1124; x_wconf 82' lang='lat' dir='ltr'>Ped.</span> <span class='ocrx_word' id='word_1_45' title='bbox 757 1072 896 1122; x_wconf 88' lang='lat' dir='ltr'>Vide</span> <span class='ocrx_word' id='word_1_46' title='bbox 931 1089 999 1122; x_wconf 92' lang='lat' dir='ltr'>ne</span> <span class='ocrx_word' id='word_1_47' title='bbox 1034 1071 1352 1122; x_wconf 80' lang='lat' dir='ltr'>obliviscare</span> <span class='ocrx_word' id='word_1_48' title='bbox 1390 1084 1400 1117; x_wconf 75' lang='grc' dir='ltr'><em>τ</em></span> <span class='ocrx_word' id='word_1_49' title='bbox 1443 1071 1632 1135; x_wconf 89' lang='lat' dir='ltr'>Lydiae</span> <span class='ocrx_word' id='word_1_50' title='bbox 1670 1072 1765 1123; x_wconf 89' lang='lat' dir='ltr'>des</span> <span class='ocrx_word' id='word_1_51' title='bbox 1805 1073 2051 1135; x_wconf 89' lang='lat' dir='ltr'>inquam,</span> <span class='ocrx_word' id='word_1_52' title='bbox 2095 1073 2198 1136; x_wconf 92' lang='lat' dir='ltr'>ipsi</span> 
     </span>
     <span class='ocr_line' id='line_1_10' title="bbox 541 1149 1047 1213; baseline -0.002 -14"><span class='ocrx_word' id='word_1_53' title='bbox 541 1149 731 1213; x_wconf 89' lang='lat' dir='ltr'>Lydiae</span> <span class='ocrx_word' id='word_1_54' title='bbox 754 1150 812 1199; x_wconf 91' lang='lat' dir='ltr'>in</span> <span class='ocrx_word' id='word_1_55' title='bbox 835 1165 1047 1199; x_wconf 88' lang='lat' dir='ltr'>manus.</span> 
     </span>
     <span class='ocr_line' id='line_1_11' title="bbox 599 1226 1147 1286; baseline -0.004 -9"><span class='ocrx_word' id='word_1_56' title='bbox 599 1228 708 1278; x_wconf 84' lang='lat' dir='ltr'>Ble.</span> <span class='ocrx_word' id='word_1_57' title='bbox 738 1226 983 1286; x_wconf 90' lang='lat' dir='ltr'>Memini,</span> <span class='ocrx_word' id='word_1_58' title='bbox 1010 1226 1147 1275; x_wconf 88' lang='lat' dir='ltr'>vale.</span> 
     </span>
     <span class='ocr_line' id='line_1_12' title="bbox 600 1301 2039 1362; baseline 0 -9"><span class='ocrx_word' id='word_1_59' title='bbox 600 1306 720 1353; x_wconf 81' lang='lat' dir='ltr'>Ped.</span> <span class='ocrx_word' id='word_1_60' title='bbox 753 1304 934 1353; x_wconf 90' lang='lat' dir='ltr'>Mane.</span> <span class='ocrx_word' id='word_1_61' title='bbox 964 1303 1242 1352; x_wconf 78' lang='lat' dir='ltr'>Memento</span> <span class='ocrx_word' id='word_1_62' title='bbox 1267 1303 1445 1362; x_wconf 90' lang='lat' dir='ltr'>etiam,</span> <span class='ocrx_word' id='word_1_63' title='bbox 1472 1308 1531 1353; x_wconf 92' lang='lat' dir='ltr'>ut</span> <span class='ocrx_word' id='word_1_64' title='bbox 1553 1308 1815 1352; x_wconf 81' lang='lat' dir='ltr'>revertare</span> <span class='ocrx_word' id='word_1_65' title='bbox 1839 1301 2039 1353; x_wconf 88' lang='lat' dir='ltr'>denuo.</span> 
     </span>
     <span class='ocr_line' id='line_1_13' title="bbox 372 1379 1575 1444; baseline -0.004 -11"><span class='ocrx_word' id='word_1_66' title='bbox 372 1399 496 1444; x_wconf 87' lang='lat'><em>2400</em></span> <span class='ocrx_word' id='word_1_67' title='bbox 600 1382 708 1431; x_wconf 82' lang='lat' dir='ltr'>Ble.</span> <span class='ocrx_word' id='word_1_68' title='bbox 738 1381 977 1430; x_wconf 79' lang='lat' dir='ltr'>Putasne</span> <span class='ocrx_word' id='word_1_69' title='bbox 1002 1397 1087 1429; x_wconf 91' lang='lat' dir='ltr'>me</span> <span class='ocrx_word' id='word_1_70' title='bbox 1113 1379 1384 1430; x_wconf 88' lang='lat' dir='ltr'>abiturum</span> <span class='ocrx_word' id='word_1_71' title='bbox 1407 1379 1575 1442; x_wconf 86' lang='lat' dir='ltr'>fuga?</span> 
     </span>
     <span class='ocr_line' id='line_1_14' title="bbox 602 1456 2197 1520; baseline -0.001 -13"><span class='ocrx_word' id='word_1_72' title='bbox 602 1459 723 1507; x_wconf 84' lang='lat' dir='ltr'>Ped.</span> <span class='ocrx_word' id='word_1_73' title='bbox 749 1457 1063 1506; x_wconf 89' lang='lat' dir='ltr'>Memineris</span> <span class='ocrx_word' id='word_1_74' title='bbox 1081 1456 1246 1506; x_wconf 90' lang='lat' dir='ltr'>fidem</span> <span class='ocrx_word' id='word_1_75' title='bbox 1266 1473 1381 1506; x_wconf 89' lang='lat' dir='ltr'>esse</span> <span class='ocrx_word' id='word_1_76' title='bbox 1398 1456 1895 1520; x_wconf 84' lang='lat' dir='ltr'>praestantissimam</span> <span class='ocrx_word' id='word_1_77' title='bbox 1915 1457 2164 1507; x_wconf 88' lang='lat' dir='ltr'>virtutem</span> <span class='ocrx_word' id='word_1_78' title='bbox 2186 1474 2197 1506; x_wconf 92' lang='lat'>:</span> 
     </span>
     <span class='ocr_line' id='line_1_15' title="bbox 540 1533 2073 1597; baseline -0.001 -13"><span class='ocrx_word' id='word_1_79' title='bbox 540 1551 662 1596; x_wconf 89' lang='lat' dir='ltr'>quae</span> <span class='ocrx_word' id='word_1_80' title='bbox 686 1534 811 1584; x_wconf 91' lang='lat' dir='ltr'>inde</span> <span class='ocrx_word' id='word_1_81' title='bbox 836 1551 1038 1583; x_wconf 90' lang='lat' dir='ltr'>nomen</span> <span class='ocrx_word' id='word_1_82' title='bbox 1061 1533 1224 1583; x_wconf 90' lang='lat' dir='ltr'>habet</span> <span class='ocrx_word' id='word_1_83' title='bbox 1248 1534 1375 1594; x_wconf 93' lang='lat' dir='ltr'>quia</span> <span class='ocrx_word' id='word_1_84' title='bbox 1398 1550 1493 1596; x_wconf 91' lang='lat' dir='ltr'>per</span> <span class='ocrx_word' id='word_1_85' title='bbox 1517 1550 1635 1583; x_wconf 90' lang='lat' dir='ltr'>eam</span> <span class='ocrx_word' id='word_1_86' title='bbox 1645 1533 1717 1597; x_wconf 76' lang='lat' dir='ltr'>fit</span> <span class='ocrx_word' id='word_1_87' title='bbox 1735 1535 1858 1595; x_wconf 83' lang='lat' dir='ltr'>quod</span> <span class='ocrx_word' id='word_1_88' title='bbox 1880 1534 2073 1583; x_wconf 78' lang='lat' dir='ltr'>dicitur.</span> 
     </span>
     <span class='ocr_line' id='line_1_16' title="bbox 601 1609 1838 1673; baseline -0.001 -13"><span class='ocrx_word' id='word_1_89' title='bbox 601 1613 708 1661; x_wconf 67' lang='grc' dir='ltr'>Βία.</span> <span class='ocrx_word' id='word_1_90' title='bbox 740 1611 858 1660; x_wconf 89' lang='lat' dir='ltr'>Fiet</span> <span class='ocrx_word' id='word_1_91' title='bbox 882 1628 977 1673; x_wconf 90' lang='lat' dir='ltr'>per</span> <span class='ocrx_word' id='word_1_92' title='bbox 999 1627 1103 1670; x_wconf 91' lang='lat' dir='ltr'>me,</span> <span class='ocrx_word' id='word_1_93' title='bbox 1131 1609 1279 1671; x_wconf 93' lang='lat' dir='ltr'>quod</span> <span class='ocrx_word' id='word_1_94' title='bbox 1302 1627 1397 1673; x_wconf 90' lang='lat' dir='ltr'>per</span> <span class='ocrx_word' id='word_1_95' title='bbox 1420 1616 1470 1659; x_wconf 87' lang='lat' dir='ltr'>te</span> <span class='ocrx_word' id='word_1_96' title='bbox 1489 1611 1601 1673; x_wconf 90' lang='lat' dir='ltr'>jam</span> <span class='ocrx_word' id='word_1_97' title='bbox 1626 1609 1838 1660; x_wconf 90' lang='lat' dir='ltr'>dicitur.</span> 
     </span>
     <span class='ocr_line' id='line_1_17' title="bbox 602 1687 2196 1750; baseline -0.001 -13"><span class='ocrx_word' id='word_1_98' title='bbox 602 1690 723 1738; x_wconf 86' lang='lat' dir='ltr'>Ped.</span> <span class='ocrx_word' id='word_1_99' title='bbox 750 1691 894 1750; x_wconf 85' lang='lat' dir='ltr'>Agas</span> <span class='ocrx_word' id='word_1_100' title='bbox 920 1688 1080 1750; x_wconf 90' lang='lat' dir='ltr'>igitur</span> <span class='ocrx_word' id='word_1_101' title='bbox 1104 1688 1160 1736; x_wconf 91' lang='lat' dir='ltr'>in</span> <span class='ocrx_word' id='word_1_102' title='bbox 1178 1687 1279 1737; x_wconf 92' lang='lat' dir='ltr'>hac</span> <span class='ocrx_word' id='word_1_103' title='bbox 1299 1704 1461 1737; x_wconf 91' lang='lat' dir='ltr'>causa</span> <span class='ocrx_word' id='word_1_104' title='bbox 1479 1704 1599 1737; x_wconf 91' lang='lat' dir='ltr'>mea</span> <span class='ocrx_word' id='word_1_105' title='bbox 1618 1688 1841 1747; x_wconf 90' lang='lat' dir='ltr'>sincere,</span> <span class='ocrx_word' id='word_1_106' title='bbox 1864 1687 2196 1750; x_wconf 88' lang='lat' dir='ltr'>simpliciter,</span> 
     </span>
     <span class='ocr_line' id='line_1_18' title="bbox 373 1763 2200 1829; baseline -0.002 -12"><span class='ocrx_word' id='word_1_107' title='bbox 373 1767 495 1829; x_wconf 85' lang='lat'>2405</span> <span class='ocrx_word' id='word_1_108' title='bbox 541 1765 898 1827; x_wconf 86' lang='lat' dir='ltr'>integerrime,</span> <span class='ocrx_word' id='word_1_109' title='bbox 935 1763 1185 1827; x_wconf 84' lang='lat' dir='ltr'>perfecte,</span> <span class='ocrx_word' id='word_1_110' title='bbox 1221 1763 1465 1825; x_wconf 88' lang='lat' dir='ltr'>adeoque</span> <span class='ocrx_word' id='word_1_111' title='bbox 1499 1781 1639 1813; x_wconf 88' lang='lat' dir='ltr'>vere.</span> <span class='ocrx_word' id='word_1_112' title='bbox 1667 1763 1752 1814; x_wconf 90' lang='lat' dir='ltr'>Tu</span> <span class='ocrx_word' id='word_1_113' title='bbox 1786 1763 2008 1814; x_wconf 82' lang='lat' dir='ltr'>fortasse</span> <span class='ocrx_word' id='word_1_114' title='bbox 2042 1770 2200 1826; x_wconf 90' lang='lat' dir='ltr'>putas</span> 
     </span>
     <span class='ocr_line' id='line_1_19' title="bbox 538 1841 2196 1903; baseline -0.001 -12"><span class='ocrx_word' id='word_1_115' title='bbox 538 1842 627 1892; x_wconf 91' lang='lat' dir='ltr'>hic</span> <span class='ocrx_word' id='word_1_116' title='bbox 651 1842 1022 1903; x_wconf 87' lang='lat' dir='ltr'>tautologiam,</span> <span class='ocrx_word' id='word_1_117' title='bbox 1052 1858 1145 1890; x_wconf 91' lang='lat' dir='ltr'>seu</span> <span class='ocrx_word' id='word_1_118' title='bbox 1171 1841 1521 1902; x_wconf 85' lang='lat' dir='ltr'>battologiam</span> <span class='ocrx_word' id='word_1_119' title='bbox 1546 1857 1661 1890; x_wconf 90' lang='lat' dir='ltr'>esse</span> <span class='ocrx_word' id='word_1_120' title='bbox 1686 1841 1742 1889; x_wconf 92' lang='lat' dir='ltr'>in</span> <span class='ocrx_word' id='word_1_121' title='bbox 1767 1857 2013 1890; x_wconf 89' lang='lat' dir='ltr'>sermone</span> <span class='ocrx_word' id='word_1_122' title='bbox 2039 1857 2160 1890; x_wconf 88' lang='lat' dir='ltr'>meo</span> <span class='ocrx_word' id='word_1_123' title='bbox 2186 1857 2196 1890; x_wconf 92' lang='lat'><strong>:</strong></span> 
     </span>
     <span class='ocr_line' id='line_1_20' title="bbox 542 1917 2199 1980; baseline -0.001 -12"><span class='ocrx_word' id='word_1_124' title='bbox 542 1918 636 1968; x_wconf 90' lang='lat' dir='ltr'>sed</span> <span class='ocrx_word' id='word_1_125' title='bbox 668 1935 827 1967; x_wconf 89' lang='lat' dir='ltr'>erras.</span> <span class='ocrx_word' id='word_1_126' title='bbox 858 1918 1001 1966; x_wconf 91' lang='lat' dir='ltr'>Nam</span> <span class='ocrx_word' id='word_1_127' title='bbox 1036 1917 1152 1966; x_wconf 87' lang='lat' dir='ltr'>haec</span> <span class='ocrx_word' id='word_1_128' title='bbox 1185 1918 1418 1980; x_wconf 89' lang='lat' dir='ltr'>plurima</span> <span class='ocrx_word' id='word_1_129' title='bbox 1452 1918 1678 1966; x_wconf 90' lang='lat' dir='ltr'>collecta</span> <span class='ocrx_word' id='word_1_130' title='bbox 1702 1934 2006 1979; x_wconf 89' lang='lat' dir='ltr'>synonyma</span> <span class='ocrx_word' id='word_1_131' title='bbox 2030 1923 2199 1980; x_wconf 88' lang='lat' dir='ltr'>apert-</span> 
     </span>
     <span class='ocr_line' id='line_1_21' title="bbox 540 1993 2200 2058; baseline -0.001 -14"><span class='ocrx_word' id='word_1_132' title='bbox 540 1996 624 2046; x_wconf 91' lang='lat' dir='ltr'>ius</span> <span class='ocrx_word' id='word_1_133' title='bbox 649 1994 778 2058; x_wconf 87' lang='lat'>[137]</span> <span class='ocrx_word' id='word_1_134' title='bbox 799 1994 1170 2044; x_wconf 90' lang='lat' dir='ltr'>demonstrant</span> <span class='ocrx_word' id='word_1_135' title='bbox 1193 1993 1325 2056; x_wconf 92' lang='lat' dir='ltr'>quid</span> <span class='ocrx_word' id='word_1_136' title='bbox 1348 1994 1511 2043; x_wconf 88' lang='lat' dir='ltr'>velim</span> <span class='ocrx_word' id='word_1_137' title='bbox 1535 2010 1547 2055; x_wconf 91' lang='lat'>;</span> <span class='ocrx_word' id='word_1_138' title='bbox 1572 1995 1679 2043; x_wconf 85' lang='lat' dir='ltr'>Iam</span> <span class='ocrx_word' id='word_1_139' title='bbox 1699 1994 1872 2056; x_wconf 79' lang='lat' dir='ltr'>faveat</span> <span class='ocrx_word' id='word_1_140' title='bbox 1901 1994 2052 2056; x_wconf 73' lang='lat' dir='ltr'>coepbis</span> <span class='ocrx_word' id='word_1_141' title='bbox 2080 2011 2200 2043; x_wconf 81' lang='lat' dir='ltr'>aura</span> 
     </span>
     <span class='ocr_line' id='line_1_22' title="bbox 538 2072 883 2121; baseline -0.006 0"><span class='ocrx_word' id='word_1_142' title='bbox 538 2074 734 2121; x_wconf 81' lang='lat' dir='ltr'>secunda</span> <span class='ocrx_word' id='word_1_143' title='bbox 757 2072 883 2120; x_wconf 75' lang='lat' dir='ltr'>meis.</span> 
     </span>
     <span class='ocr_line' id='line_1_23' title="bbox 373 2147 1312 2211; baseline -0.004 -11"><span class='ocrx_word' id='word_1_144' title='bbox 373 2166 497 2211; x_wconf 86' lang='lat'><em>2410</em></span> <span class='ocrx_word' id='word_1_145' title='bbox 601 2150 709 2199; x_wconf 83' lang='lat' dir='ltr'>Ble.</span> <span class='ocrx_word' id='word_1_146' title='bbox 739 2148 907 2207; x_wconf 86' lang='lat' dir='ltr'>Abeo,</span> <span class='ocrx_word' id='word_1_147' title='bbox 935 2147 1106 2207; x_wconf 91' lang='lat' dir='ltr'>trado,</span> <span class='ocrx_word' id='word_1_148' title='bbox 1133 2147 1312 2197; x_wconf 92' lang='lat' dir='ltr'>redeo.</span> 
     </span>
     <span class='ocr_line' id='line_1_24' title="bbox 601 2215 2203 2286; baseline -0.001 -12"><span class='ocrx_word' id='word_1_149' title='bbox 601 2227 723 2275; x_wconf 83' lang='lat' dir='ltr'>Ped.</span> <span class='ocrx_word' id='word_1_150' title='bbox 768 2225 931 2275; x_wconf 90' lang='lat' dir='ltr'>Nunc</span> <span class='ocrx_word' id='word_1_151' title='bbox 972 2225 1230 2286; x_wconf 90' lang='lat' dir='ltr'>quoniam</span> <span class='ocrx_word' id='word_1_152' title='bbox 1276 2230 1446 2284; x_wconf 90' lang='lat' dir='ltr'>vacat,</span> <span class='ocrx_word' id='word_1_153' title='bbox 1489 2223 1621 2274; x_wconf 91' lang='lat' dir='ltr'>dum</span> <span class='ocrx_word' id='word_1_154' title='bbox 1667 2224 1766 2273; x_wconf 91' lang='lat' dir='ltr'>iste</span> <span class='ocrx_word' id='word_1_155' title='bbox 1805 2215 2102 2284; x_wconf 79' lang='lat' dir='ltr'>revertitur,</span> <span class='ocrx_word' id='word_1_156' title='bbox 2144 2230 2203 2274; x_wconf 93' lang='lat' dir='ltr'>ut</span> 
     </span>
     <span class='ocr_line' id='line_1_25' title="bbox 544 2300 2201 2364; baseline -0.001 -13"><span class='ocrx_word' id='word_1_157' title='bbox 544 2303 843 2352; x_wconf 86' lang='lat' dir='ltr'>occultetur</span> <span class='ocrx_word' id='word_1_158' title='bbox 873 2300 1004 2363; x_wconf 91' lang='lat' dir='ltr'>quid</span> <span class='ocrx_word' id='word_1_159' title='bbox 1039 2318 1223 2360; x_wconf 89' lang='lat' dir='ltr'>conor,</span> <span class='ocrx_word' id='word_1_160' title='bbox 1251 2301 1319 2350; x_wconf 92' lang='lat' dir='ltr'>ad</span> <span class='ocrx_word' id='word_1_161' title='bbox 1352 2300 1681 2364; x_wconf 86' lang='lat' dir='ltr'>praelegendi</span> <span class='ocrx_word' id='word_1_162' title='bbox 1715 2318 1801 2350; x_wconf 90' lang='lat' dir='ltr'>me</span> <span class='ocrx_word' id='word_1_163' title='bbox 1835 2318 2035 2351; x_wconf 91' lang='lat' dir='ltr'>munus</span> <span class='ocrx_word' id='word_1_164' title='bbox 2073 2317 2201 2363; x_wconf 89' lang='lat' dir='ltr'>pen-</span> 
     </span>
     <span class='ocr_line' id='line_1_26' title="bbox 542 2377 1762 2440; baseline -0.002 -11"><span class='ocrx_word' id='word_1_165' title='bbox 542 2395 773 2440; x_wconf 86' lang='lat' dir='ltr'>sumque</span> <span class='ocrx_word' id='word_1_166' title='bbox 798 2377 1081 2427; x_wconf 88' lang='lat' dir='ltr'>revocabo.</span> <span class='ocrx_word' id='word_1_167' title='bbox 1111 2378 1327 2436; x_wconf 89' lang='lat' dir='ltr'>Parille,</span> <span class='ocrx_word' id='word_1_168' title='bbox 1358 2377 1575 2437; x_wconf 90' lang='lat' dir='ltr'>Parille,</span> <span class='ocrx_word' id='word_1_169' title='bbox 1602 2377 1762 2426; x_wconf 86' lang='lat' dir='ltr'>exito.</span> 
     </span>
    </p>
   </div>
   <div class='ocr_carea' id='block_1_3' title="bbox 373 2510 1628 2833">
    <p class='ocr_par' dir='ltr' id='par_1_3' title="bbox 373 2510 1628 2833">
     <span class='ocr_line' id='line_1_27' title="bbox 944 2510 1628 2582; baseline -0.001 -18"><span class='ocrx_word' id='word_1_170' title='bbox 944 2511 1128 2564; x_wconf 82' lang='lat' dir='ltr'>Actus</span> <span class='ocrx_word' id='word_1_171' title='bbox 1154 2510 1418 2582; x_wconf 48' lang='lat' dir='ltr'>Quintus</span> <span class='ocrx_word' id='word_1_172' title='bbox 1449 2510 1628 2564; x_wconf 80' lang='lat' dir='ltr'>Scena</span> 
     </span>
     <span class='ocr_line' id='line_1_28' title="bbox 373 2648 1424 2714; baseline -0.004 -13"><span class='ocrx_word' id='word_1_173' title='bbox 373 2651 495 2714; x_wconf 86' lang='lat'>2415</span> <span class='ocrx_word' id='word_1_174' title='bbox 1155 2648 1424 2700; x_wconf 86' lang='lat' dir='ltr'>Secunda.</span> 
     </span>
     <span class='ocr_line' id='line_1_29' title="bbox 959 2783 1613 2833; baseline -0.003 0"><span class='ocrx_word' id='word_1_175' title='bbox 959 2785 1249 2833; x_wconf 84' lang='lat' dir='ltr'><strong>PARILLVS.</strong></span> <span class='ocrx_word' id='word_1_176' title='bbox 1279 2783 1613 2833; x_wconf 83' lang='lat' dir='ltr'>PEDANT1vs.</span> 
     </span>
    </p>
   </div>
   <div class='ocr_carea' id='block_1_4' title="bbox 378 2914 2199 3285">
    <p class='ocr_par' dir='ltr' id='par_1_4' title="bbox 378 2914 2199 3285">
     <span class='ocr_line' id='line_1_30' title="bbox 601 2914 2198 2979; baseline -0.001 -11"><span class='ocrx_word' id='word_1_177' title='bbox 601 2919 725 2968; x_wconf 73' lang='lat' dir='ltr'>Par.</span> <span class='ocrx_word' id='word_1_178' title='bbox 756 2918 902 2967; x_wconf 91' lang='lat' dir='ltr'>Hem</span> <span class='ocrx_word' id='word_1_179' title='bbox 926 2917 1036 2967; x_wconf 88' lang='lat' dir='ltr'>tun’</span> <span class='ocrx_word' id='word_1_180' title='bbox 1062 2916 1151 2966; x_wconf 88' lang='lat' dir='ltr'>hic</span> <span class='ocrx_word' id='word_1_181' title='bbox 1175 2933 1308 2976; x_wconf 82' lang='lat' dir='ltr'>eraS‚</span> <span class='ocrx_word' id='word_1_182' title='bbox 1337 2916 1644 2978; x_wconf 73' lang='lat' dir='ltr'>Praeceptor</span> <span class='ocrx_word' id='word_1_183' title='bbox 1676 2914 1981 2966; x_wconf 87' lang='lat' dir='ltr'>venerande</span> <span class='ocrx_word' id='word_1_184' title='bbox 2007 2916 2025 2964; x_wconf 84' lang='lat'>?</span> <span class='ocrx_word' id='word_1_185' title='bbox 2052 2915 2198 2979; x_wconf 73' lang='lat' dir='ltr'>Quid</span> 
     </span>
     <span class='ocr_line' id='line_1_31' title="bbox 539 2995 766 3044; baseline -0.004 0"><span class='ocrx_word' id='word_1_186' title='bbox 539 3012 625 3044; x_wconf 91' lang='lat' dir='ltr'>me</span> <span class='ocrx_word' id='word_1_187' title='bbox 648 2996 729 3044; x_wconf 89' lang='lat' dir='ltr'>vis</span> <span class='ocrx_word' id='word_1_188' title='bbox 748 2995 766 3043; x_wconf 87' lang='lat'>?</span> 
     </span>
     <span class='ocr_line' id='line_1_32' title="bbox 607 3062 2199 3132; baseline -0.001 -12"><span class='ocrx_word' id='word_1_189' title='bbox 607 3073 722 3120; x_wconf 79' lang='lat' dir='ltr'>Ped.</span> <span class='ocrx_word' id='word_1_190' title='bbox 752 3071 951 3120; x_wconf 79' lang='lat' dir='ltr'>Parille</span> <span class='ocrx_word' id='word_1_191' title='bbox 976 3071 1067 3129; x_wconf 90' lang='lat' dir='ltr'>mi,</span> <span class='ocrx_word' id='word_1_192' title='bbox 1097 3069 1313 3132; x_wconf 86' lang='lat' dir='ltr'>optimae</span> <span class='ocrx_word' id='word_1_193' title='bbox 1348 3069 1459 3131; x_wconf 89' lang='lat' dir='ltr'>spei</span> <span class='ocrx_word' id='word_1_194' title='bbox 1492 3066 1824 3128; x_wconf 81' lang='lat' dir='ltr'>adolescenS,</span> <span class='ocrx_word' id='word_1_195' title='bbox 1851 3069 1976 3118; x_wconf 87' lang='lat' dir='ltr'>volo</span> <span class='ocrx_word' id='word_1_196' title='bbox 2002 3062 2114 3132; x_wconf 86' lang='lat' dir='ltr'>jam</span> <span class='ocrx_word' id='word_1_197' title='bbox 2139 3075 2199 3120; x_wconf 84' lang='lat' dir='ltr'>ut</span> 
     </span>
     <span class='ocr_line' id='line_1_33' title="bbox 378 3145 2197 3210; baseline -0.002 -13"><span class='ocrx_word' id='word_1_198' title='bbox 378 3165 501 3210; x_wconf 87' lang='lat'>2420</span> <span class='ocrx_word' id='word_1_199' title='bbox 543 3148 873 3210; x_wconf 86' lang='lat' dir='ltr'>praelectioni</span> <span class='ocrx_word' id='word_1_200' title='bbox 893 3153 1087 3197; x_wconf 85' lang='lat' dir='ltr'>nostrae</span> <span class='ocrx_word' id='word_1_201' title='bbox 1110 3162 1268 3195; x_wconf 88' lang='lat' dir='ltr'>vaces</span> <span class='ocrx_word' id='word_1_202' title='bbox 1286 3145 1673 3207; x_wconf 86' lang='lat' dir='ltr'>aliquantisper</span> <span class='ocrx_word' id='word_1_203' title='bbox 1695 3161 1705 3193; x_wconf 76' lang='grc' dir='ltr'>ε</span> <span class='ocrx_word' id='word_1_204' title='bbox 1728 3145 2024 3196; x_wconf 88' lang='lat' dir='ltr'>orationem</span> <span class='ocrx_word' id='word_1_205' title='bbox 2054 3145 2197 3196; x_wconf 90' lang='lat' dir='ltr'>enim</span> 
     </span>
     <span class='ocr_line' id='line_1_34' title="bbox 544 3222 1777 3285; baseline -0.001 -13"><span class='ocrx_word' id='word_1_206' title='bbox 544 3225 794 3274; x_wconf 87' lang='lat' dir='ltr'>Latinam</span> <span class='ocrx_word' id='word_1_207' title='bbox 819 3222 1091 3275; x_wconf 89' lang='lat' dir='ltr'>audiendo</span> <span class='ocrx_word' id='word_1_208' title='bbox 1116 3239 1216 3273; x_wconf 89' lang='lat' dir='ltr'>nos</span> <span class='ocrx_word' id='word_1_209' title='bbox 1241 3222 1436 3272; x_wconf 83' lang='lat' dir='ltr'>efficies</span> <span class='ocrx_word' id='word_1_210' title='bbox 1458 3222 1777 3285; x_wconf 86' lang='lat' dir='ltr'>pleniorem.</span> 
     </span>
    </p>
   </div>
  </div>
 </body>
</html>
