<?xml version="1.0" encoding="UTF-8"?>
<!DOCTYPE html PUBLIC "-//W3C//DTD XHTML 1.0 Transitional//EN"
    "http://www.w3.org/TR/xhtml1/DTD/xhtml1-transitional.dtd">
<html xmlns="http://www.w3.org/1999/xhtml" xml:lang="en" lang="en">
 <head>
  <title>
</title>
<meta http-equiv="Content-Type" content="text/html;charset=utf-8" />
  <meta name='ocr-system' content='tesseract 3.04.00' />
  <meta name='ocr-capabilities' content='ocr_page ocr_carea ocr_par ocr_line ocrx_word'/>
</head>
<body>
  <div class='ocr_page' id='page_1' title='image "./pedantiuslatinco00forsuoft_0201.png"; bbox 0 0 2444 4140; ppageno 0'>
   <div class='ocr_carea' id='block_1_1' title="bbox 1999 185 2096 242">
    <p class='ocr_par' dir='ltr' id='par_1_1' title="bbox 1999 185 2096 242">
     <span class='ocr_line' id='line_1_1' title="bbox 1999 185 2096 242; baseline -0.021 0"><span class='ocrx_word' id='word_1_1' title='bbox 1999 185 2096 242; x_wconf 86' lang='lat'>135</span> 
     </span>
    </p>
   </div>
   <div class='ocr_carea' id='block_1_2' title="bbox 130 338 2096 3311">
    <p class='ocr_par' dir='ltr' id='par_1_2' title="bbox 294 338 2096 532">
     <span class='ocr_line' id='line_1_2' title="bbox 294 338 2096 396; baseline -0.001 -11"><span class='ocrx_word' id='word_1_2' title='bbox 294 340 510 391; x_wconf 89' lang='lat' dir='ltr'>Martini,</span> <span class='ocrx_word' id='word_1_3' title='bbox 523 339 685 384; x_wconf 88' lang='lat' dir='ltr'>Amore</span> <span class='ocrx_word' id='word_1_4' title='bbox 699 340 940 393; x_wconf 80' lang='lat' dir='ltr'>Scolastico‚</span> <span class='ocrx_word' id='word_1_5' title='bbox 955 343 1074 394; x_wconf 85' lang='lat'>1570,</span> <span class='ocrx_word' id='word_1_6' title='bbox 1086 344 1200 396; x_wconf 89' lang='lat' dir='ltr'>puts</span> <span class='ocrx_word' id='word_1_7' title='bbox 1216 341 1319 383; x_wconf 90' lang='lat' dir='ltr'>into</span> <span class='ocrx_word' id='word_1_8' title='bbox 1335 339 1419 384; x_wconf 92' lang='lat' dir='ltr'>the</span> <span class='ocrx_word' id='word_1_9' title='bbox 1434 338 1606 383; x_wconf 89' lang='lat' dir='ltr'>mouth</span> <span class='ocrx_word' id='word_1_10' title='bbox 1618 338 1673 383; x_wconf 86' lang='lat' dir='ltr'>of</span> <span class='ocrx_word' id='word_1_11' title='bbox 1683 351 1712 383; x_wconf 86' lang='lat' dir='ltr'>a</span> <span class='ocrx_word' id='word_1_12' title='bbox 1726 338 1946 384; x_wconf 82' lang='lat' dir='ltr'>Pedant:</span> <span class='ocrx_word' id='word_1_13' title='bbox 1963 338 2096 384; x_wconf 84' lang='lat' dir='ltr'>Nam</span> 
     </span>
     <span class='ocr_line' id='line_1_3' title="bbox 347 406 2096 464; baseline 0.001 -12"><span class='ocrx_word' id='word_1_14' title='bbox 347 408 464 464; x_wconf 92' lang='lat' dir='ltr'>quid</span> <span class='ocrx_word' id='word_1_15' title='bbox 494 408 657 452; x_wconf 89' lang='lat' dir='ltr'>leuius</span> <span class='ocrx_word' id='word_1_16' title='bbox 685 406 853 452; x_wconf 87' lang='lat' dir='ltr'>fumo?</span> <span class='ocrx_word' id='word_1_17' title='bbox 881 408 1062 452; x_wconf 89' lang='lat' dir='ltr'>flamen</span> <span class='ocrx_word' id='word_1_18' title='bbox 1085 420 1094 449; x_wconf 92' lang='lat'>:</span> <span class='ocrx_word' id='word_1_19' title='bbox 1119 407 1237 463; x_wconf 88' lang='lat' dir='ltr'>quid</span> <span class='ocrx_word' id='word_1_20' title='bbox 1266 407 1464 453; x_wconf 88' lang='lat' dir='ltr'>flamine</span> <span class='ocrx_word' id='word_1_21' title='bbox 1482 412 1497 451; x_wconf 87' lang='lat'>?</span> <span class='ocrx_word' id='word_1_22' title='bbox 1518 412 1695 452; x_wconf 88' lang='lat' dir='ltr'>ventus</span> <span class='ocrx_word' id='word_1_23' title='bbox 1727 419 1737 449; x_wconf 80' lang='lat' dir='ltr'>z</span> <span class='ocrx_word' id='word_1_24' title='bbox 1766 407 1885 463; x_wconf 91' lang='lat' dir='ltr'>quid</span> <span class='ocrx_word' id='word_1_25' title='bbox 1915 412 2096 453; x_wconf 88' lang='lat' dir='ltr'>vento?</span> 
     </span>
     <span class='ocr_line' id='line_1_4' title="bbox 346 475 1239 532; baseline -0.003 -10"><span class='ocrx_word' id='word_1_26' title='bbox 346 476 556 522; x_wconf 87' lang='lat' dir='ltr'>mulier:</span> <span class='ocrx_word' id='word_1_27' title='bbox 580 475 698 532; x_wconf 90' lang='lat' dir='ltr'>quid</span> <span class='ocrx_word' id='word_1_28' title='bbox 718 476 959 520; x_wconf 79' lang='lat' dir='ltr'>muliere?</span> <span class='ocrx_word' id='word_1_29' title='bbox 980 490 1033 519; x_wconf 76' lang='lat' dir='ltr'>s&lt;</span> <span class='ocrx_word' id='word_1_30' title='bbox 1035 476 1239 521; x_wconf 90' lang='lat' dir='ltr'>holaris.</span> 
     </span>
    </p>

    <p class='ocr_par' dir='ltr' id='par_1_3' title="bbox 135 545 1096 600">
     <span class='ocr_line' id='line_1_5' title="bbox 135 545 1096 600; baseline 0.002 -13"><span class='ocrx_word' id='word_1_31' title='bbox 135 551 282 587; x_wconf 69' lang='lat'>1652</span> <span class='ocrx_word' id='word_1_32' title='bbox 311 560 394 590; x_wconf 84' lang='lat' dir='ltr'>non</span> <span class='ocrx_word' id='word_1_33' title='bbox 412 559 507 590; x_wconf 80' lang='lat' dir='ltr'>sum</span> <span class='ocrx_word' id='word_1_34' title='bbox 526 545 734 590; x_wconf 78' lang='lat' dir='ltr'>rotundus</span> <span class='ocrx_word' id='word_1_35' title='bbox 753 545 828 588; x_wconf 87' lang='lat' dir='ltr'>sed</span> <span class='ocrx_word' id='word_1_36' title='bbox 844 545 1096 600; x_wconf 83' lang='lat' dir='ltr'>quadratus.</span> 
     </span>
    </p>

    <p class='ocr_par' dir='ltr' id='par_1_4' title="bbox 292 612 2095 739">
     <span class='ocr_line' id='line_1_6' title="bbox 292 612 2095 669; baseline 0 -11"><span class='ocrx_word' id='word_1_37' title='bbox 292 614 564 658; x_wconf 88' lang='lat' dir='ltr'>Pedantius</span> <span class='ocrx_word' id='word_1_38' title='bbox 598 627 704 657; x_wconf 88' lang='lat' dir='ltr'>was</span> <span class='ocrx_word' id='word_1_39' title='bbox 735 627 800 657; x_wconf 92' lang='lat' dir='ltr'>no</span> <span class='ocrx_word' id='word_1_40' title='bbox 835 612 990 658; x_wconf 84' lang='lat' dir='ltr'>doubt</span> <span class='ocrx_word' id='word_1_41' title='bbox 1018 613 1341 669; x_wconf 78' lang='lat' dir='ltr'>represented</span> <span class='ocrx_word' id='word_1_42' title='bbox 1373 628 1427 657; x_wconf 92' lang='lat' dir='ltr'>as</span> <span class='ocrx_word' id='word_1_43' title='bbox 1459 628 1488 658; x_wconf 88' lang='lat' dir='ltr'>a</span> <span class='ocrx_word' id='word_1_44' title='bbox 1521 613 1609 658; x_wconf 87' lang='lat' dir='ltr'>tall</span> <span class='ocrx_word' id='word_1_45' title='bbox 1642 620 1796 669; x_wconf 83' lang='lat' dir='ltr'>gaunt</span> <span class='ocrx_word' id='word_1_46' title='bbox 1828 628 1959 663; x_wconf 89' lang='lat' dir='ltr'>man,</span> <span class='ocrx_word' id='word_1_47' title='bbox 1995 613 2095 658; x_wconf 88' lang='lat' dir='ltr'>like</span> 
     </span>
     <span class='ocr_line' id='line_1_7' title="bbox 344 681 1474 739; baseline -0.003 -11"><span class='ocrx_word' id='word_1_48' title='bbox 344 683 550 728; x_wconf 88' lang='lat' dir='ltr'>Gabriel</span> <span class='ocrx_word' id='word_1_49' title='bbox 572 683 793 739; x_wconf 89' lang='lat' dir='ltr'>Harvey.</span> <span class='ocrx_word' id='word_1_50' title='bbox 817 681 913 727; x_wconf 89' lang='lat' dir='ltr'>See</span> <span class='ocrx_word' id='word_1_51' title='bbox 937 682 1121 727; x_wconf 87' lang='lat' dir='ltr'>Introd.</span> <span class='ocrx_word' id='word_1_52' title='bbox 1146 697 1229 738; x_wconf 87' lang='lat' dir='ltr'>pp.</span> <span class='ocrx_word' id='word_1_53' title='bbox 1252 683 1334 731; x_wconf 90' lang='lat' dir='ltr'>xli,</span> <span class='ocrx_word' id='word_1_54' title='bbox 1358 683 1474 727; x_wconf 87' lang='lat' dir='ltr'>xliii.</span> 
     </span>
    </p>

    <p class='ocr_par' dir='ltr' id='par_1_5' title="bbox 135 751 2091 878">
     <span class='ocr_line' id='line_1_8' title="bbox 135 751 2091 806; baseline 0 -12"><span class='ocrx_word' id='word_1_55' title='bbox 135 755 439 794; x_wconf 71' lang='grc'><strong>1655-1657</strong></span> <span class='ocrx_word' id='word_1_56' title='bbox 454 751 562 797; x_wconf 62' lang='lat' dir='ltr'>sim.</span> <span class='ocrx_word' id='word_1_57' title='bbox 582 752 656 796; x_wconf 82' lang='lat' dir='ltr'>hoc</span> <span class='ocrx_word' id='word_1_58' title='bbox 673 756 825 806; x_wconf 77' lang='lat' dir='ltr'>corpus</span> <span class='ocrx_word' id='word_1_59' title='bbox 838 765 976 796; x_wconf 86' lang='lat' dir='ltr'>meum</span> <span class='ocrx_word' id='word_1_60' title='bbox 992 754 1038 795; x_wconf 85' lang='lat' dir='ltr'>in</span> <span class='ocrx_word' id='word_1_61' title='bbox 1052 751 1310 796; x_wconf 80' lang='lat' dir='ltr'><strong><em>Phalaridis</em></strong></span> <span class='ocrx_word' id='word_1_62' title='bbox 1323 755 1520 797; x_wconf 54' lang='lat' dir='ltr'>tauram.</span> <span class='ocrx_word' id='word_1_63' title='bbox 1539 754 1843 798; x_wconf 56' lang='lat' dir='ltr'>torrentum...</span> <span class='ocrx_word' id='word_1_64' title='bbox 1862 752 2091 798; x_wconf 76' lang='lat' dir='ltr'>dicerem...</span> 
     </span>
     <span class='ocr_line' id='line_1_9' title="bbox 344 819 844 878; baseline -0.004 -13"><span class='ocrx_word' id='word_1_65' title='bbox 344 822 489 878; x_wconf 76' lang='lat' dir='ltr'>Quam</span> <span class='ocrx_word' id='word_1_66' title='bbox 507 833 636 865; x_wconf 80' lang='lat' dir='ltr'>suave</span> <span class='ocrx_word' id='word_1_67' title='bbox 654 822 717 864; x_wconf 77' lang='lat' dir='ltr'>est</span> <span class='ocrx_word' id='word_1_68' title='bbox 733 819 844 864; x_wconf 82' lang='lat' dir='ltr'>hoc!</span> 
     </span>
    </p>

    <p class='ocr_par' dir='ltr' id='par_1_6' title="bbox 292 887 2095 1218">
     <span class='ocr_line' id='line_1_10' title="bbox 292 887 2095 945; baseline 0 -11"><span class='ocrx_word' id='word_1_69' title='bbox 292 888 396 934; x_wconf 90' lang='lat' dir='ltr'>Cic.</span> <span class='ocrx_word' id='word_1_70' title='bbox 424 887 637 934; x_wconf 83' lang='lat' dir='ltr'>Tusc.11.</span> <span class='ocrx_word' id='word_1_71' title='bbox 660 904 702 943; x_wconf 89' lang='lat'>7.</span> <span class='ocrx_word' id='word_1_72' title='bbox 729 903 777 941; x_wconf 92' lang='lat'>17</span> <span class='ocrx_word' id='word_1_73' title='bbox 802 902 811 932; x_wconf 93' lang='lat'><strong>:</strong></span> <span class='ocrx_word' id='word_1_74' title='bbox 835 888 1059 933; x_wconf 88' lang='lat' dir='ltr'>Affirmat</span> <span class='ocrx_word' id='word_1_75' title='bbox 1089 889 1335 943; x_wconf 83' lang='lat' dir='ltr'><strong>Epicurus</strong></span> <span class='ocrx_word' id='word_1_76' title='bbox 1358 888 1576 945; x_wconf 91' lang='lat' dir='ltr'>quodam</span> <span class='ocrx_word' id='word_1_77' title='bbox 1605 889 1734 938; x_wconf 90' lang='lat' dir='ltr'>loco,</span> <span class='ocrx_word' id='word_1_78' title='bbox 1759 892 1800 933; x_wconf 90' lang='lat' dir='ltr'>si</span> <span class='ocrx_word' id='word_1_79' title='bbox 1829 894 1998 934; x_wconf 88' lang='lat' dir='ltr'>uratur</span> <span class='ocrx_word' id='word_1_80' title='bbox 2019 903 2095 935; x_wconf 90' lang='lat' dir='ltr'>sa-</span> 
     </span>
     <span class='ocr_line' id='line_1_11' title="bbox 345 956 2095 1016; baseline 0.001 -14"><span class='ocrx_word' id='word_1_81' title='bbox 345 962 502 1012; x_wconf 85' lang='lat' dir='ltr'>piens,</span> <span class='ocrx_word' id='word_1_82' title='bbox 536 960 578 1002; x_wconf 88' lang='lat' dir='ltr'>si</span> <span class='ocrx_word' id='word_1_83' title='bbox 608 959 852 1002; x_wconf 82' lang='lat' dir='ltr'>crucietur</span> <span class='ocrx_word' id='word_1_84' title='bbox 873 957 1154 1013; x_wconf 81' lang='lat' dir='ltr'>(exspectas</span> <span class='ocrx_word' id='word_1_85' title='bbox 1174 956 1384 1002; x_wconf 86' lang='lat' dir='ltr'>fortasse</span> <span class='ocrx_word' id='word_1_86' title='bbox 1415 957 1534 1003; x_wconf 90' lang='lat' dir='ltr'>dum</span> <span class='ocrx_word' id='word_1_87' title='bbox 1565 957 1713 1008; x_wconf 79' lang='lat' dir='ltr'>dicat,</span> <span class='ocrx_word' id='word_1_88' title='bbox 1735 961 1965 1016; x_wconf 69' lang='lat' dir='ltr'>patietur,</span> <span class='ocrx_word' id='word_1_89' title='bbox 1988 972 2095 1016; x_wconf 91' lang='lat' dir='ltr'>per-</span> 
     </span>
     <span class='ocr_line' id='line_1_12' title="bbox 342 1024 2092 1085; baseline 0.002 -15"><span class='ocrx_word' id='word_1_90' title='bbox 342 1026 482 1076; x_wconf 90' lang='lat' dir='ltr'>feret,</span> <span class='ocrx_word' id='word_1_91' title='bbox 505 1040 607 1071; x_wconf 90' lang='lat' dir='ltr'>non</span> <span class='ocrx_word' id='word_1_92' title='bbox 641 1024 930 1071; x_wconf 86' lang='lat' dir='ltr'>succumbet</span> <span class='ocrx_word' id='word_1_93' title='bbox 953 1040 964 1070; x_wconf 89' lang='lat'>:</span> <span class='ocrx_word' id='word_1_94' title='bbox 986 1039 1168 1081; x_wconf 86' lang='lat' dir='ltr'>magna</span> <span class='ocrx_word' id='word_1_95' title='bbox 1196 1026 1482 1072; x_wconf 86' lang='lat' dir='ltr'>mehercule</span> <span class='ocrx_word' id='word_1_96' title='bbox 1513 1027 1623 1071; x_wconf 89' lang='lat' dir='ltr'>laus</span> <span class='ocrx_word' id='word_1_97' title='bbox 1647 1039 1694 1072; x_wconf 78' lang='grc' dir='ltr'>τ..</span> <span class='ocrx_word' id='word_1_98' title='bbox 1719 1026 1808 1072; x_wconf 89' lang='lat' dir='ltr'>sed</span> <span class='ocrx_word' id='word_1_99' title='bbox 1838 1027 2092 1085; x_wconf 88' lang='lat' dir='ltr'>Epicuro..</span> 
     </span>
     <span class='ocr_line' id='line_1_13' title="bbox 342 1093 2094 1154; baseline 0.002 -15"><span class='ocrx_word' id='word_1_100' title='bbox 342 1109 443 1140; x_wconf 90' lang='lat' dir='ltr'>non</span> <span class='ocrx_word' id='word_1_101' title='bbox 465 1100 540 1139; x_wconf 86' lang='lat' dir='ltr'>est</span> <span class='ocrx_word' id='word_1_102' title='bbox 558 1094 655 1139; x_wconf 90' lang='lat' dir='ltr'>hoc</span> <span class='ocrx_word' id='word_1_103' title='bbox 672 1097 792 1139; x_wconf 88' lang='lat' dir='ltr'>satis</span> <span class='ocrx_word' id='word_1_104' title='bbox 812 1097 842 1147; x_wconf 78' lang='lat' dir='ltr'>t)</span> <span class='ocrx_word' id='word_1_105' title='bbox 860 1098 910 1139; x_wconf 94' lang='lat' dir='ltr'>in</span> <span class='ocrx_word' id='word_1_106' title='bbox 929 1093 1208 1140; x_wconf 83' lang='lat' dir='ltr'>Phalaridis</span> <span class='ocrx_word' id='word_1_107' title='bbox 1230 1100 1371 1154; x_wconf 89' lang='lat' dir='ltr'>tauro</span> <span class='ocrx_word' id='word_1_108' title='bbox 1393 1097 1435 1140; x_wconf 91' lang='lat' dir='ltr'>si</span> <span class='ocrx_word' id='word_1_109' title='bbox 1457 1099 1563 1143; x_wconf 84' lang='lat' dir='ltr'>erit.</span> <span class='ocrx_word' id='word_1_110' title='bbox 1582 1095 1742 1140; x_wconf 90' lang='lat' dir='ltr'>dicet:</span> <span class='ocrx_word' id='word_1_111' title='bbox 1762 1095 1923 1154; x_wconf 74' lang='lat' dir='ltr'>Quam</span> <span class='ocrx_word' id='word_1_112' title='bbox 1941 1109 2094 1142; x_wconf 86' lang='lat' dir='ltr'>suave</span> 
     </span>
     <span class='ocr_line' id='line_1_14' title="bbox 343 1162 1143 1218; baseline 0 -10"><span class='ocrx_word' id='word_1_113' title='bbox 343 1169 420 1208; x_wconf 85' lang='lat' dir='ltr'>est</span> <span class='ocrx_word' id='word_1_114' title='bbox 438 1163 535 1209; x_wconf 90' lang='lat' dir='ltr'>hoc</span> <span class='ocrx_word' id='word_1_115' title='bbox 555 1169 563 1207; x_wconf 70' lang='grc' dir='ltr'>ἵ</span> <span class='ocrx_word' id='word_1_116' title='bbox 588 1177 736 1218; x_wconf 89' lang='lat' dir='ltr'>quam</span> <span class='ocrx_word' id='word_1_117' title='bbox 757 1162 854 1208; x_wconf 89' lang='lat' dir='ltr'>hoc</span> <span class='ocrx_word' id='word_1_118' title='bbox 873 1176 975 1208; x_wconf 92' lang='lat' dir='ltr'>non</span> <span class='ocrx_word' id='word_1_119' title='bbox 996 1175 1116 1208; x_wconf 90' lang='lat' dir='ltr'>curo</span> <span class='ocrx_word' id='word_1_120' title='bbox 1136 1169 1143 1208; x_wconf 88' lang='lat'>!</span> 
     </span>
    </p>

    <p class='ocr_par' dir='ltr' id='par_1_7' title="bbox 130 1231 1761 1361">
     <span class='ocr_line' id='line_1_15' title="bbox 131 1231 1140 1289; baseline 0.003 -16"><span class='ocrx_word' id='word_1_121' title='bbox 131 1236 272 1274; x_wconf 75' lang='grc'><strong>1659</strong></span> <span class='ocrx_word' id='word_1_122' title='bbox 297 1247 432 1287; x_wconf 85' lang='lat' dir='ltr'>grave</span> <span class='ocrx_word' id='word_1_123' title='bbox 446 1231 602 1277; x_wconf 79' lang='lat' dir='ltr'>volabit</span> <span class='ocrx_word' id='word_1_124' title='bbox 617 1235 663 1276; x_wconf 82' lang='lat' dir='ltr'>in</span> <span class='ocrx_word' id='word_1_125' title='bbox 682 1232 829 1277; x_wconf 78' lang='lat' dir='ltr'>altum.</span> <span class='ocrx_word' id='word_1_126' title='bbox 853 1231 944 1289; x_wconf 88' lang='lat' dir='ltr'>Cp.</span> <span class='ocrx_word' id='word_1_127' title='bbox 971 1248 1075 1278; x_wconf 89' lang='lat'>1122</span> <span class='ocrx_word' id='word_1_128' title='bbox 1095 1247 1140 1276; x_wconf 84' lang='lat' dir='ltr'>n.</span> 
     </span>
     <span class='ocr_line' id='line_1_16' title="bbox 130 1300 1761 1361; baseline 0.001 -19"><span class='ocrx_word' id='word_1_129' title='bbox 130 1305 271 1342; x_wconf 77' lang='grc'><strong>1664</strong></span> <span class='ocrx_word' id='word_1_130' title='bbox 299 1301 454 1361; x_wconf 86' lang='lat' dir='ltr'>efficere</span> <span class='ocrx_word' id='word_1_131' title='bbox 472 1300 674 1358; x_wconf 78' lang='lat' dir='ltr'>quidlibet</span> <span class='ocrx_word' id='word_1_132' title='bbox 689 1315 740 1347; x_wconf 82' lang='lat' dir='ltr'>ex</span> <span class='ocrx_word' id='word_1_133' title='bbox 758 1300 937 1357; x_wconf 74' lang='lat' dir='ltr'>quolibet</span> <span class='ocrx_word' id='word_1_134' title='bbox 953 1301 1180 1347; x_wconf 81' lang='lat' dir='ltr'>secundum</span> <span class='ocrx_word' id='word_1_135' title='bbox 1200 1303 1482 1357; x_wconf 70' lang='lat' dir='ltr'>Anaxagora</span> <span class='ocrx_word' id='word_1_136' title='bbox 1500 1305 1761 1347; x_wconf 74' lang='lat' dir='ltr'>sententiam.</span> 
     </span>
    </p>

    <p class='ocr_par' dir='ltr' id='par_1_8' title="bbox 285 1369 2092 1642">
     <span class='ocr_line' id='line_1_17' title="bbox 285 1369 2092 1427; baseline 0.001 -13"><span class='ocrx_word' id='word_1_137' title='bbox 285 1369 450 1414; x_wconf 86' lang='lat' dir='ltr'>These</span> <span class='ocrx_word' id='word_1_138' title='bbox 480 1370 646 1414; x_wconf 89' lang='lat' dir='ltr'>words</span> <span class='ocrx_word' id='word_1_139' title='bbox 678 1384 814 1414; x_wconf 88' lang='lat' dir='ltr'>seem</span> <span class='ocrx_word' id='word_1_140' title='bbox 847 1375 898 1414; x_wconf 88' lang='lat' dir='ltr'>to</span> <span class='ocrx_word' id='word_1_141' title='bbox 927 1375 1030 1414; x_wconf 88' lang='lat' dir='ltr'>rest</span> <span class='ocrx_word' id='word_1_142' title='bbox 1059 1384 1123 1414; x_wconf 92' lang='lat' dir='ltr'>on</span> <span class='ocrx_word' id='word_1_143' title='bbox 1161 1385 1190 1414; x_wconf 90' lang='lat' dir='ltr'>a</span> <span class='ocrx_word' id='word_1_144' title='bbox 1218 1370 1707 1427; x_wconf 86' lang='lat' dir='ltr'>misunderstanding</span> <span class='ocrx_word' id='word_1_145' title='bbox 1736 1370 1791 1415; x_wconf 93' lang='lat' dir='ltr'>of</span> <span class='ocrx_word' id='word_1_146' title='bbox 1814 1370 2092 1416; x_wconf 86' lang='lat' dir='ltr'>Aristotle’s</span> 
     </span>
     <span class='ocr_line' id='line_1_18' title="bbox 342 1437 2092 1496; baseline 0.001 -14"><span class='ocrx_word' id='word_1_147' title='bbox 342 1443 555 1483; x_wconf 86' lang='lat' dir='ltr'>account</span> <span class='ocrx_word' id='word_1_148' title='bbox 575 1437 629 1482; x_wconf 90' lang='lat' dir='ltr'>of</span> <span class='ocrx_word' id='word_1_149' title='bbox 646 1439 728 1482; x_wconf 91' lang='lat' dir='ltr'>the</span> <span class='ocrx_word' id='word_1_150' title='bbox 750 1438 974 1483; x_wconf 82' lang='lat' dir='ltr'>doctrine</span> <span class='ocrx_word' id='word_1_151' title='bbox 995 1438 1050 1483; x_wconf 91' lang='lat' dir='ltr'>of</span> <span class='ocrx_word' id='word_1_152' title='bbox 1065 1440 1390 1495; x_wconf 86' lang='lat' dir='ltr'>Anaxagoras</span> <span class='ocrx_word' id='word_1_153' title='bbox 1413 1442 1560 1495; x_wconf 89' lang='lat' dir='ltr'>given</span> <span class='ocrx_word' id='word_1_154' title='bbox 1591 1443 1642 1483; x_wconf 92' lang='lat' dir='ltr'>in</span> <span class='ocrx_word' id='word_1_155' title='bbox 1661 1440 1799 1496; x_wconf 84' lang='lat' dir='ltr'>Phys.</span> <span class='ocrx_word' id='word_1_156' title='bbox 1826 1440 1864 1483; x_wconf 89' lang='lat' dir='ltr'>I.</span> <span class='ocrx_word' id='word_1_157' title='bbox 1887 1454 1971 1491; x_wconf 69' lang='lat' dir='ltr'>IV..</span> <span class='ocrx_word' id='word_1_158' title='bbox 1993 1439 2092 1484; x_wconf 87' lang='lat' dir='ltr'>and</span> 
     </span>
     <span class='ocr_line' id='line_1_19' title="bbox 341 1507 2091 1575; baseline 0.002 -24"><span class='ocrx_word' id='word_1_159' title='bbox 341 1507 615 1564; x_wconf 87' lang='lat' dir='ltr'>especially</span> <span class='ocrx_word' id='word_1_160' title='bbox 650 1507 705 1551; x_wconf 92' lang='lat' dir='ltr'>of</span> <span class='ocrx_word' id='word_1_161' title='bbox 732 1507 814 1551; x_wconf 91' lang='lat' dir='ltr'>the</span> <span class='ocrx_word' id='word_1_162' title='bbox 852 1507 1111 1564; x_wconf 85' lang='lat' dir='ltr'>following</span> <span class='ocrx_word' id='word_1_163' title='bbox 1151 1512 1387 1552; x_wconf 87' lang='lat' dir='ltr'>sentence</span> <span class='ocrx_word' id='word_1_164' title='bbox 1422 1521 1431 1551; x_wconf 93' lang='lat'>:</span> <span class='ocrx_word' id='word_1_165' title='bbox 1475 1507 1556 1555; x_wconf 88' lang='grc' dir='ltr'>Διό</span> <span class='ocrx_word' id='word_1_166' title='bbox 1599 1527 1702 1575; x_wconf 80' lang='grc' dir='ltr'>φασι</span> <span class='ocrx_word' id='word_1_167' title='bbox 1743 1516 1828 1555; x_wconf 81' lang='grc' dir='ltr'>πᾶν</span> <span class='ocrx_word' id='word_1_168' title='bbox 1873 1509 1914 1555; x_wconf 86' lang='grc' dir='ltr'>ἐν</span> <span class='ocrx_word' id='word_1_169' title='bbox 1961 1511 2091 1555; x_wconf 84' lang='grc' dir='ltr'>παντὶ</span> 
     </span>
     <span class='ocr_line' id='line_1_20' title="bbox 350 1576 1523 1642; baseline 0 -20"><span class='ocrx_word' id='word_1_170' title='bbox 350 1579 565 1642; x_wconf 76' lang='grc' dir='ltr'>μεμῖχθαι</span> <span class='ocrx_word' id='word_1_171' title='bbox 589 1576 698 1623; x_wconf 77' lang='grc' dir='ltr'>διότι</span> <span class='ocrx_word' id='word_1_172' title='bbox 722 1585 807 1623; x_wconf 84' lang='grc' dir='ltr'>πᾶν</span> <span class='ocrx_word' id='word_1_173' title='bbox 835 1578 884 1623; x_wconf 84' lang='grc' dir='ltr'>ἐκ</span> <span class='ocrx_word' id='word_1_174' title='bbox 910 1579 1077 1630; x_wconf 84' lang='grc' dir='ltr'>παντὸς</span> <span class='ocrx_word' id='word_1_175' title='bbox 1103 1578 1254 1642; x_wconf 79' lang='grc' dir='ltr'>ἑώρων</span> <span class='ocrx_word' id='word_1_176' title='bbox 1281 1578 1523 1641; x_wconf 82' lang='grc' dir='ltr'>γινόμενον,</span> 
     </span>
    </p>

    <p class='ocr_par' dir='ltr' id='par_1_9' title="bbox 288 1657 2092 1920">
     <span class='ocr_line' id='line_1_21' title="bbox 288 1657 2091 1715; baseline 0.001 -13"><span class='ocrx_word' id='word_1_177' title='bbox 288 1657 530 1710; x_wconf 90' lang='lat' dir='ltr'>Nizolius‚</span> <span class='ocrx_word' id='word_1_178' title='bbox 552 1657 896 1704; x_wconf 83' lang='lat' dir='ltr'>Anti-barbarus</span> <span class='ocrx_word' id='word_1_179' title='bbox 916 1673 964 1713; x_wconf 84' lang='lat' dir='ltr'>p.</span> <span class='ocrx_word' id='word_1_180' title='bbox 991 1665 1056 1711; x_wconf 85' lang='lat'>13,</span> <span class='ocrx_word' id='word_1_181' title='bbox 1079 1658 1271 1703; x_wconf 87' lang='lat' dir='ltr'>attacks</span> <span class='ocrx_word' id='word_1_182' title='bbox 1292 1658 1618 1715; x_wconf 86' lang='lat' dir='ltr'>Anaxagoras</span> <span class='ocrx_word' id='word_1_183' title='bbox 1634 1661 1686 1704; x_wconf 91' lang='lat' dir='ltr'>in</span> <span class='ocrx_word' id='word_1_184' title='bbox 1706 1659 1984 1703; x_wconf 88' lang='lat' dir='ltr'>somewhat</span> <span class='ocrx_word' id='word_1_185' title='bbox 2004 1657 2091 1703; x_wconf 89' lang='lat' dir='ltr'>dif-</span> 
     </span>
     <span class='ocr_line' id='line_1_22' title="bbox 340 1727 2089 1785; baseline 0.001 -14"><span class='ocrx_word' id='word_1_186' title='bbox 340 1727 498 1772; x_wconf 86' lang='lat' dir='ltr'>ferent</span> <span class='ocrx_word' id='word_1_187' title='bbox 517 1732 670 1772; x_wconf 87' lang='lat' dir='ltr'>terms</span> <span class='ocrx_word' id='word_1_188' title='bbox 694 1739 704 1769; x_wconf 72' lang='grc' dir='ltr'>ε</span> <span class='ocrx_word' id='word_1_189' title='bbox 728 1734 966 1783; x_wconf 89' lang='lat' dir='ltr'>exurget..</span> <span class='ocrx_word' id='word_1_190' title='bbox 989 1727 1171 1783; x_wconf 89' lang='lat' dir='ltr'>aliquis</span> <span class='ocrx_word' id='word_1_191' title='bbox 1193 1729 1505 1785; x_wconf 67' lang='lat' dir='ltr'>Anaxagorae</span> <span class='ocrx_word' id='word_1_192' title='bbox 1525 1727 1659 1773; x_wconf 90' lang='lat' dir='ltr'>illius</span> <span class='ocrx_word' id='word_1_193' title='bbox 1679 1732 1755 1772; x_wconf 89' lang='lat' dir='ltr'>ter</span> <span class='ocrx_word' id='word_1_194' title='bbox 1774 1728 1911 1772; x_wconf 88' lang='lat' dir='ltr'>stulti</span> <span class='ocrx_word' id='word_1_195' title='bbox 1933 1733 2089 1774; x_wconf 87' lang='lat' dir='ltr'>secta-</span> 
     </span>
     <span class='ocr_line' id='line_1_23' title="bbox 340 1795 2092 1851; baseline -0.001 -11"><span class='ocrx_word' id='word_1_196' title='bbox 340 1801 418 1841; x_wconf 88' lang='lat' dir='ltr'>tor</span> <span class='ocrx_word' id='word_1_197' title='bbox 439 1799 557 1851; x_wconf 87' lang='lat' dir='ltr'>qui..</span> <span class='ocrx_word' id='word_1_198' title='bbox 580 1795 786 1840; x_wconf 85' lang='lat' dir='ltr'>affirmet</span> <span class='ocrx_word' id='word_1_199' title='bbox 811 1800 976 1841; x_wconf 89' lang='lat' dir='ltr'>nivem</span> <span class='ocrx_word' id='word_1_200' title='bbox 998 1809 1111 1846; x_wconf 86' lang='lat' dir='ltr'>esse</span> <span class='ocrx_word' id='word_1_201' title='bbox 1131 1798 1321 1851; x_wconf 88' lang='lat' dir='ltr'>nigram</span> <span class='ocrx_word' id='word_1_202' title='bbox 1353 1802 1401 1839; x_wconf 92' lang='lat' dir='ltr'>et</span> <span class='ocrx_word' id='word_1_203' title='bbox 1422 1810 1482 1840; x_wconf 90' lang='lat' dir='ltr'>ea</span> <span class='ocrx_word' id='word_1_204' title='bbox 1502 1799 1669 1841; x_wconf 89' lang='lat' dir='ltr'>omnia</span> <span class='ocrx_word' id='word_1_205' title='bbox 1689 1809 1800 1851; x_wconf 86' lang='lat' dir='ltr'>quae</span> <span class='ocrx_word' id='word_1_206' title='bbox 1820 1797 2092 1842; x_wconf 89' lang='lat' dir='ltr'>memoravi</span> 
     </span>
     <span class='ocr_line' id='line_1_24' title="bbox 343 1864 1321 1920; baseline -0.002 -11"><span class='ocrx_word' id='word_1_207' title='bbox 343 1867 600 1910; x_wconf 85' lang='lat' dir='ltr'>contrariis</span> <span class='ocrx_word' id='word_1_208' title='bbox 619 1864 942 1920; x_wconf 88' lang='lat' dir='ltr'>qualitatibus</span> <span class='ocrx_word' id='word_1_209' title='bbox 963 1878 1075 1910; x_wconf 88' lang='lat' dir='ltr'>esse</span> <span class='ocrx_word' id='word_1_210' title='bbox 1098 1864 1321 1920; x_wconf 84' lang='lat' dir='ltr'>praedita.</span> 
     </span>
    </p>

    <p class='ocr_par' dir='ltr' id='par_1_10' title="bbox 130 1932 2089 2055">
     <span class='ocr_line' id='line_1_25' title="bbox 130 1932 2089 1990; baseline 0.002 -17"><span class='ocrx_word' id='word_1_211' title='bbox 130 1938 278 1974; x_wconf 78' lang='grc'><strong>1668</strong></span> <span class='ocrx_word' id='word_1_212' title='bbox 309 1936 497 1990; x_wconf 73' lang='lat' dir='ltr'>corporis</span> <span class='ocrx_word' id='word_1_213' title='bbox 526 1933 579 1977; x_wconf 65' lang='grc' dir='ltr'>ὃ·</span> <span class='ocrx_word' id='word_1_214' title='bbox 606 1933 742 1979; x_wconf 81' lang='lat' dir='ltr'>animi</span> <span class='ocrx_word' id='word_1_215' title='bbox 772 1933 1026 1990; x_wconf 60' lang='lat' dir='ltr'>&amp;sortunae</span> <span class='ocrx_word' id='word_1_216' title='bbox 1054 1932 1176 1977; x_wconf 83' lang='lat' dir='ltr'>bona.</span> <span class='ocrx_word' id='word_1_217' title='bbox 1198 1932 1306 1979; x_wconf 91' lang='lat' dir='ltr'>The</span> <span class='ocrx_word' id='word_1_218' title='bbox 1335 1936 1620 1989; x_wconf 85' lang='lat' dir='ltr'>«tripartita</span> <span class='ocrx_word' id='word_1_219' title='bbox 1639 1936 1765 1979; x_wconf 88' lang='lat' dir='ltr'>ratio</span> <span class='ocrx_word' id='word_1_220' title='bbox 1786 1933 2029 1979; x_wconf 88' lang='lat' dir='ltr'>bonorum</span> <span class='ocrx_word' id='word_1_221' title='bbox 2049 1949 2089 1976; x_wconf 89' lang='lat'>».</span> 
     </span>
     <span class='ocr_line' id='line_1_26' title="bbox 341 2001 1365 2055; baseline -0.001 -8"><span class='ocrx_word' id='word_1_222' title='bbox 341 2001 437 2048; x_wconf 89' lang='lat' dir='ltr'>See</span> <span class='ocrx_word' id='word_1_223' title='bbox 460 2001 626 2047; x_wconf 80' lang='lat' dir='ltr'>Reid&#39;s</span> <span class='ocrx_word' id='word_1_224' title='bbox 648 2008 764 2046; x_wconf 89' lang='lat' dir='ltr'>note</span> <span class='ocrx_word' id='word_1_225' title='bbox 786 2017 852 2047; x_wconf 90' lang='lat' dir='ltr'>on</span> <span class='ocrx_word' id='word_1_226' title='bbox 872 2001 976 2048; x_wconf 89' lang='lat' dir='ltr'>Cic.</span> <span class='ocrx_word' id='word_1_227' title='bbox 1001 2002 1141 2047; x_wconf 88' lang='lat' dir='ltr'>Acad.</span> <span class='ocrx_word' id='word_1_228' title='bbox 1167 2003 1204 2046; x_wconf 97' lang='lat' dir='ltr'>I.</span> <span class='ocrx_word' id='word_1_229' title='bbox 1227 2017 1273 2045; x_wconf 91' lang='lat' dir='ltr'>v.</span> <span class='ocrx_word' id='word_1_230' title='bbox 1302 2019 1365 2055; x_wconf 91' lang='lat'>19.</span> 
     </span>
    </p>

    <p class='ocr_par' dir='ltr' id='par_1_11' title="bbox 130 2071 2091 2195">
     <span class='ocr_line' id='line_1_27' title="bbox 130 2071 2091 2127; baseline 0.003 -16"><span class='ocrx_word' id='word_1_231' title='bbox 130 2075 271 2111; x_wconf 77' lang='grc'><strong>1674</strong></span> <span class='ocrx_word' id='word_1_232' title='bbox 301 2072 494 2115; x_wconf 89' lang='lat' dir='ltr'>Deorum</span> <span class='ocrx_word' id='word_1_233' title='bbox 514 2074 617 2116; x_wconf 75' lang='lat' dir='ltr'>sunt</span> <span class='ocrx_word' id='word_1_234' title='bbox 633 2073 774 2116; x_wconf 86' lang='lat' dir='ltr'>omnia</span> <span class='ocrx_word' id='word_1_235' title='bbox 789 2086 807 2124; x_wconf 91' lang='lat'><em>;</em></span> <span class='ocrx_word' id='word_1_236' title='bbox 829 2073 1036 2127; x_wconf 75' lang='lat' dir='ltr'>sapientes</span> <span class='ocrx_word' id='word_1_237' title='bbox 1059 2072 1223 2127; x_wconf 84' lang='lat' dir='ltr'>(qualis</span> <span class='ocrx_word' id='word_1_238' title='bbox 1244 2072 1311 2115; x_wconf 80' lang='lat' dir='ltr'>hic</span> <span class='ocrx_word' id='word_1_239' title='bbox 1329 2073 1407 2122; x_wconf 81' lang='lat' dir='ltr'>est)</span> <span class='ocrx_word' id='word_1_240' title='bbox 1427 2074 1554 2116; x_wconf 82' lang='lat' dir='ltr'>amici</span> <span class='ocrx_word' id='word_1_241' title='bbox 1573 2074 1674 2116; x_wconf 76' lang='lat' dir='ltr'>sunt</span> <span class='ocrx_word' id='word_1_242' title='bbox 1686 2071 1874 2124; x_wconf 87' lang='lat' dir='ltr'>deorum,</span> <span class='ocrx_word' id='word_1_243' title='bbox 1893 2072 1946 2115; x_wconf 59' lang='grc' dir='ltr'>(δ’</span> <span class='ocrx_word' id='word_1_244' title='bbox 1961 2073 2091 2117; x_wconf 82' lang='lat' dir='ltr'>amic-</span> 
     </span>
     <span class='ocr_line' id='line_1_28' title="bbox 341 2141 1604 2195; baseline -0.003 -10"><span class='ocrx_word' id='word_1_245' title='bbox 341 2155 463 2185; x_wconf 86' lang='lat' dir='ltr'>orum</span> <span class='ocrx_word' id='word_1_246' title='bbox 483 2142 623 2185; x_wconf 85' lang='lat' dir='ltr'>omnia</span> <span class='ocrx_word' id='word_1_247' title='bbox 643 2144 745 2185; x_wconf 82' lang='lat' dir='ltr'>sunt</span> <span class='ocrx_word' id='word_1_248' title='bbox 761 2142 1014 2186; x_wconf 81' lang='lat' dir='ltr'>communia.</span> <span class='ocrx_word' id='word_1_249' title='bbox 1036 2142 1162 2195; x_wconf 81' lang='lat' dir='ltr'>Ergo</span> <span class='ocrx_word' id='word_1_250' title='bbox 1181 2141 1310 2195; x_wconf 79' lang='lat' dir='ltr'><em>hujus</em></span> <span class='ocrx_word' id='word_1_251' title='bbox 1329 2144 1432 2184; x_wconf 76' lang='lat' dir='ltr'>sunt</span> <span class='ocrx_word' id='word_1_252' title='bbox 1448 2143 1604 2185; x_wconf 84' lang='lat' dir='ltr'>omnia.</span> 
     </span>
    </p>

    <p class='ocr_par' dir='ltr' id='par_1_12' title="bbox 288 2209 2094 2460">
     <span class='ocr_line' id='line_1_29' title="bbox 288 2209 2094 2266; baseline 0.001 -13"><span class='ocrx_word' id='word_1_253' title='bbox 288 2209 541 2258; x_wconf 88' lang='lat' dir='ltr'>Erasmus,</span> <span class='ocrx_word' id='word_1_254' title='bbox 565 2210 759 2264; x_wconf 76' lang='lat' dir='ltr'>Adagia,</span> <span class='ocrx_word' id='word_1_255' title='bbox 783 2209 861 2254; x_wconf 90' lang='lat' dir='ltr'>ed.</span> <span class='ocrx_word' id='word_1_256' title='bbox 893 2217 1012 2262; x_wconf 84' lang='lat'><strong>1629,</strong></span> <span class='ocrx_word' id='word_1_257' title='bbox 1046 2225 1095 2266; x_wconf 93' lang='lat' dir='ltr'>p.</span> <span class='ocrx_word' id='word_1_258' title='bbox 1127 2226 1195 2264; x_wconf 89' lang='lat'>42,</span> <span class='ocrx_word' id='word_1_259' title='bbox 1229 2209 1387 2253; x_wconf 89' lang='lat' dir='ltr'>under</span> <span class='ocrx_word' id='word_1_260' title='bbox 1415 2210 1743 2254; x_wconf 90' lang='lat' dir='ltr'>«Amicorum</span> <span class='ocrx_word' id='word_1_261' title='bbox 1773 2213 1939 2254; x_wconf 87' lang='lat' dir='ltr'>omnia</span> <span class='ocrx_word' id='word_1_262' title='bbox 1965 2222 2094 2255; x_wconf 91' lang='lat' dir='ltr'>com-</span> 
     </span>
     <span class='ocr_line' id='line_1_30' title="bbox 341 2277 2092 2334; baseline 0.001 -13"><span class='ocrx_word' id='word_1_263' title='bbox 341 2282 506 2322; x_wconf 90' lang='lat' dir='ltr'>munia</span> <span class='ocrx_word' id='word_1_264' title='bbox 528 2292 555 2317; x_wconf 72' lang='lat'>&gt;³</span> <span class='ocrx_word' id='word_1_265' title='bbox 587 2282 754 2322; x_wconf 86' lang='lat' dir='ltr'>writes</span> <span class='ocrx_word' id='word_1_266' title='bbox 789 2294 799 2322; x_wconf 73' lang='grc' dir='ltr'><strong><em>ε</em></strong></span> <span class='ocrx_word' id='word_1_267' title='bbox 834 2278 909 2322; x_wconf 78' lang='lat' dir='ltr'>Ex</span> <span class='ocrx_word' id='word_1_268' title='bbox 938 2279 1034 2322; x_wconf 92' lang='lat' dir='ltr'>hoc</span> <span class='ocrx_word' id='word_1_269' title='bbox 1066 2277 1332 2333; x_wconf 89' lang='lat' dir='ltr'>prouerbio</span> <span class='ocrx_word' id='word_1_270' title='bbox 1363 2278 1595 2322; x_wconf 87' lang='lat' dir='ltr'>Socrates</span> <span class='ocrx_word' id='word_1_271' title='bbox 1627 2277 1897 2334; x_wconf 91' lang='lat' dir='ltr'>colligebat</span> <span class='ocrx_word' id='word_1_272' title='bbox 1926 2282 2092 2323; x_wconf 88' lang='lat' dir='ltr'>omnia</span> 
     </span>
     <span class='ocr_line' id='line_1_31' title="bbox 340 2346 2092 2402; baseline 0 -11"><span class='ocrx_word' id='word_1_273' title='bbox 340 2346 584 2391; x_wconf 91' lang='lat' dir='ltr'>bonorum</span> <span class='ocrx_word' id='word_1_274' title='bbox 606 2361 717 2392; x_wconf 89' lang='lat' dir='ltr'>esse</span> <span class='ocrx_word' id='word_1_275' title='bbox 738 2350 955 2391; x_wconf 89' lang='lat' dir='ltr'>virorum</span> <span class='ocrx_word' id='word_1_276' title='bbox 975 2360 1076 2391; x_wconf 90' lang='lat' dir='ltr'>non</span> <span class='ocrx_word' id='word_1_277' title='bbox 1105 2360 1249 2391; x_wconf 88' lang='lat' dir='ltr'>secus</span> <span class='ocrx_word' id='word_1_278' title='bbox 1280 2361 1429 2401; x_wconf 88' lang='lat' dir='ltr'>quam</span> <span class='ocrx_word' id='word_1_279' title='bbox 1450 2347 1670 2391; x_wconf 91' lang='lat' dir='ltr'>deorum.</span> <span class='ocrx_word' id='word_1_280' title='bbox 1694 2346 1914 2391; x_wconf 90' lang='lat' dir='ltr'>Deorum</span> <span class='ocrx_word' id='word_1_281' title='bbox 1934 2350 2092 2402; x_wconf 88' lang='lat' dir='ltr'>inquit</span> 
     </span>
     <span class='ocr_line' id='line_1_32' title="bbox 341 2419 654 2460; baseline -0.003 -1"><span class='ocrx_word' id='word_1_282' title='bbox 341 2421 453 2460; x_wconf 87' lang='lat' dir='ltr'>sunt</span> <span class='ocrx_word' id='word_1_283' title='bbox 474 2419 654 2460; x_wconf 91' lang='lat' dir='ltr'>omnia.</span> 
     </span>
    </p>

    <p class='ocr_par' dir='ltr' id='par_1_13' title="bbox 285 2482 2093 2826">
     <span class='ocr_line' id='line_1_33' title="bbox 285 2482 2087 2542; baseline 0.001 -14"><span class='ocrx_word' id='word_1_284' title='bbox 285 2483 392 2528; x_wconf 91' lang='lat' dir='ltr'>The</span> <span class='ocrx_word' id='word_1_285' title='bbox 426 2490 684 2540; x_wconf 81' lang='lat' dir='ltr'>argument</span> <span class='ocrx_word' id='word_1_286' title='bbox 714 2485 895 2529; x_wconf 88' lang='lat' dir='ltr'>should</span> <span class='ocrx_word' id='word_1_287' title='bbox 925 2485 1220 2542; x_wconf 87' lang='lat' dir='ltr'>apparently</span> <span class='ocrx_word' id='word_1_288' title='bbox 1249 2482 1311 2528; x_wconf 86' lang='lat' dir='ltr'>be</span> <span class='ocrx_word' id='word_1_289' title='bbox 1348 2483 1615 2528; x_wconf 87' lang='lat' dir='ltr'>attributed</span> <span class='ocrx_word' id='word_1_290' title='bbox 1643 2489 1731 2541; x_wconf 84' lang='lat' dir='ltr'>not</span> <span class='ocrx_word' id='word_1_291' title='bbox 1759 2490 1809 2528; x_wconf 91' lang='lat' dir='ltr'>to</span> <span class='ocrx_word' id='word_1_292' title='bbox 1839 2484 2087 2535; x_wconf 87' lang='lat' dir='ltr'>Socrates,</span> 
     </span>
     <span class='ocr_line' id='line_1_34' title="bbox 341 2551 2088 2610; baseline 0.001 -13"><span class='ocrx_word' id='word_1_293' title='bbox 341 2552 430 2597; x_wconf 82' lang='lat' dir='ltr'>but</span> <span class='ocrx_word' id='word_1_294' title='bbox 467 2559 519 2598; x_wconf 89' lang='lat' dir='ltr'>to</span> <span class='ocrx_word' id='word_1_295' title='bbox 558 2554 810 2610; x_wconf 89' lang='lat' dir='ltr'>Diogenes</span> <span class='ocrx_word' id='word_1_296' title='bbox 851 2554 934 2597; x_wconf 87' lang='lat' dir='ltr'>the</span> <span class='ocrx_word' id='word_1_297' title='bbox 974 2553 1148 2610; x_wconf 90' lang='lat' dir='ltr'>Cynic.</span> <span class='ocrx_word' id='word_1_298' title='bbox 1186 2551 1277 2607; x_wconf 85' lang='lat' dir='ltr'>Cp.</span> <span class='ocrx_word' id='word_1_299' title='bbox 1315 2552 1568 2608; x_wconf 88' lang='lat' dir='ltr'>Diogenes</span> <span class='ocrx_word' id='word_1_300' title='bbox 1604 2553 1850 2605; x_wconf 88' lang='lat' dir='ltr'>Laertius,</span> <span class='ocrx_word' id='word_1_301' title='bbox 1886 2566 1952 2596; x_wconf 85' lang='lat' dir='ltr'>VI.</span> <span class='ocrx_word' id='word_1_302' title='bbox 1989 2560 2040 2608; x_wconf 88' lang='lat'>37</span> <span class='ocrx_word' id='word_1_303' title='bbox 2078 2569 2088 2598; x_wconf 94' lang='lat'>:</span> 
     </span>
     <span class='ocr_line' id='line_1_35' title="bbox 346 2621 2093 2688; baseline 0 -19"><span class='ocrx_word' id='word_1_304' title='bbox 346 2622 646 2687; x_wconf 84' lang='grc' dir='ltr'>συνελογίζετο</span> <span class='ocrx_word' id='word_1_305' title='bbox 676 2623 764 2685; x_wconf 81' lang='lat' dir='ltr'>(sc.</span> <span class='ocrx_word' id='word_1_306' title='bbox 792 2623 1020 2687; x_wconf 78' lang='grc' dir='ltr'>Διογένης)</span> <span class='ocrx_word' id='word_1_307' title='bbox 1051 2621 1098 2669; x_wconf 85' lang='grc' dir='ltr'>δὲ</span> <span class='ocrx_word' id='word_1_308' title='bbox 1122 2625 1197 2669; x_wconf 87' lang='grc' dir='ltr'>καὶ</span> <span class='ocrx_word' id='word_1_309' title='bbox 1220 2622 1382 2674; x_wconf 76' lang='grc' dir='ltr'>οὕτως·</span> <span class='ocrx_word' id='word_1_310' title='bbox 1412 2622 1511 2667; x_wconf 83' lang='grc' dir='ltr'>Τῶν</span> <span class='ocrx_word' id='word_1_311' title='bbox 1538 2624 1647 2668; x_wconf 84' lang='grc' dir='ltr'>θεῶν</span> <span class='ocrx_word' id='word_1_312' title='bbox 1675 2623 1764 2668; x_wconf 84' lang='grc' dir='ltr'>ἐστι</span> <span class='ocrx_word' id='word_1_313' title='bbox 1788 2624 1947 2668; x_wconf 85' lang='grc' dir='ltr'>πάντα·</span> <span class='ocrx_word' id='word_1_314' title='bbox 1974 2622 2093 2688; x_wconf 75' lang='grc' dir='ltr'>φίλοι</span> 
     </span>
     <span class='ocr_line' id='line_1_36' title="bbox 345 2689 2089 2757; baseline -0.001 -19"><span class='ocrx_word' id='word_1_315' title='bbox 345 2690 391 2738; x_wconf 83' lang='grc' dir='ltr'>δὲ</span> <span class='ocrx_word' id='word_1_316' title='bbox 416 2694 458 2738; x_wconf 82' lang='grc' dir='ltr'>οἱ</span> <span class='ocrx_word' id='word_1_317' title='bbox 482 2694 611 2757; x_wconf 83' lang='grc' dir='ltr'>σοφοὶ</span> <span class='ocrx_word' id='word_1_318' title='bbox 640 2698 731 2745; x_wconf 79' lang='grc' dir='ltr'>τοῖς</span> <span class='ocrx_word' id='word_1_319' title='bbox 769 2694 899 2744; x_wconf 80' lang='grc' dir='ltr'>θεοῖς·</span> <span class='ocrx_word' id='word_1_320' title='bbox 942 2694 1065 2738; x_wconf 74' lang='grc' dir='ltr'>κοινὰ</span> <span class='ocrx_word' id='word_1_321' title='bbox 1101 2690 1148 2737; x_wconf 81' lang='grc' dir='ltr'>δὲ</span> <span class='ocrx_word' id='word_1_322' title='bbox 1183 2694 1238 2737; x_wconf 83' lang='grc' dir='ltr'>τὰ</span> <span class='ocrx_word' id='word_1_323' title='bbox 1273 2697 1362 2736; x_wconf 83' lang='grc' dir='ltr'>τῶν</span> <span class='ocrx_word' id='word_1_324' title='bbox 1400 2690 1555 2756; x_wconf 81' lang='grc' dir='ltr'>φίλων·</span> <span class='ocrx_word' id='word_1_325' title='bbox 1596 2689 1725 2736; x_wconf 83' lang='grc' dir='ltr'>πάντ’</span> <span class='ocrx_word' id='word_1_326' title='bbox 1766 2689 1836 2755; x_wconf 72' lang='grc' dir='ltr'>ἄρ’</span> <span class='ocrx_word' id='word_1_327' title='bbox 1876 2691 1965 2737; x_wconf 85' lang='grc' dir='ltr'>ἐστὶ</span> <span class='ocrx_word' id='word_1_328' title='bbox 2001 2698 2089 2737; x_wconf 87' lang='grc' dir='ltr'>τῶν</span> 
     </span>
     <span class='ocr_line' id='line_1_37' title="bbox 344 2767 509 2826; baseline 0.006 -20"><span class='ocrx_word' id='word_1_329' title='bbox 344 2767 509 2826; x_wconf 77' lang='grc' dir='ltr'>σοφῶν.</span> 
     </span>
    </p>

    <p class='ocr_par' dir='ltr' id='par_1_14' title="bbox 288 2840 2092 3172">
     <span class='ocr_line' id='line_1_38' title="bbox 288 2840 2092 2897; baseline 0 -11"><span class='ocrx_word' id='word_1_330' title='bbox 288 2843 308 2886; x_wconf 94' lang='lat' dir='ltr'>I</span> <span class='ocrx_word' id='word_1_331' title='bbox 332 2856 412 2886; x_wconf 91' lang='lat' dir='ltr'>am</span> <span class='ocrx_word' id='word_1_332' title='bbox 432 2840 668 2886; x_wconf 89' lang='lat' dir='ltr'>indebted</span> <span class='ocrx_word' id='word_1_333' title='bbox 687 2841 762 2886; x_wconf 91' lang='lat' dir='ltr'>for</span> <span class='ocrx_word' id='word_1_334' title='bbox 782 2842 880 2886; x_wconf 89' lang='lat' dir='ltr'>this</span> <span class='ocrx_word' id='word_1_335' title='bbox 902 2847 1018 2886; x_wconf 91' lang='lat' dir='ltr'>note</span> <span class='ocrx_word' id='word_1_336' title='bbox 1040 2847 1090 2886; x_wconf 89' lang='lat' dir='ltr'>to</span> <span class='ocrx_word' id='word_1_337' title='bbox 1113 2840 1245 2886; x_wconf 87' lang='lat' dir='ltr'>Prof.</span> <span class='ocrx_word' id='word_1_338' title='bbox 1271 2842 1449 2897; x_wconf 89' lang='lat' dir='ltr'>Mayor</span> <span class='ocrx_word' id='word_1_339' title='bbox 1469 2841 1568 2885; x_wconf 90' lang='lat' dir='ltr'>and</span> <span class='ocrx_word' id='word_1_340' title='bbox 1588 2841 1655 2885; x_wconf 82' lang='lat' dir='ltr'>Dr</span> <span class='ocrx_word' id='word_1_341' title='bbox 1683 2841 1845 2885; x_wconf 88' lang='lat' dir='ltr'>Adam</span> <span class='ocrx_word' id='word_1_342' title='bbox 1875 2841 1930 2885; x_wconf 90' lang='lat' dir='ltr'>of</span> <span class='ocrx_word' id='word_1_343' title='bbox 1953 2840 2092 2887; x_wconf 89' lang='lat' dir='ltr'>Cam-</span> 
     </span>
     <span class='ocr_line' id='line_1_39' title="bbox 340 2909 2091 2967; baseline 0.001 -12"><span class='ocrx_word' id='word_1_344' title='bbox 340 2910 513 2967; x_wconf 89' lang='lat' dir='ltr'>bridge</span> <span class='ocrx_word' id='word_1_345' title='bbox 549 2910 647 2955; x_wconf 88' lang='lat' dir='ltr'>and</span> <span class='ocrx_word' id='word_1_346' title='bbox 679 2910 813 2955; x_wconf 84' lang='lat' dir='ltr'>Prof.</span> <span class='ocrx_word' id='word_1_347' title='bbox 846 2910 1033 2967; x_wconf 90' lang='lat' dir='ltr'>Bensly</span> <span class='ocrx_word' id='word_1_348' title='bbox 1065 2909 1119 2954; x_wconf 89' lang='lat' dir='ltr'>of</span> <span class='ocrx_word' id='word_1_349' title='bbox 1144 2910 1404 2955; x_wconf 82' lang='lat' dir='ltr'>Adelaide.</span> <span class='ocrx_word' id='word_1_350' title='bbox 1435 2909 1541 2954; x_wconf 92' lang='lat' dir='ltr'>The</span> <span class='ocrx_word' id='word_1_351' title='bbox 1572 2909 1677 2953; x_wconf 87' lang='lat' dir='ltr'>first</span> <span class='ocrx_word' id='word_1_352' title='bbox 1706 2913 1873 2953; x_wconf 88' lang='lat' dir='ltr'>writes</span> <span class='ocrx_word' id='word_1_353' title='bbox 1906 2924 1916 2954; x_wconf 88' lang='lat'>:</span> <span class='ocrx_word' id='word_1_354' title='bbox 1947 2924 1974 2949; x_wconf 87' lang='lat'>«</span> <span class='ocrx_word' id='word_1_355' title='bbox 1994 2910 2091 2955; x_wconf 86' lang='lat' dir='ltr'>See</span> 
     </span>
     <span class='ocr_line' id='line_1_40' title="bbox 339 2977 2091 3036; baseline 0 -14"><span class='ocrx_word' id='word_1_356' title='bbox 339 2978 527 3023; x_wconf 87' lang='lat' dir='ltr'>further</span> <span class='ocrx_word' id='word_1_357' title='bbox 548 2979 788 3036; x_wconf 78' lang='lat' dir='ltr'>Bernays,</span> <span class='ocrx_word' id='word_1_358' title='bbox 812 2981 983 3024; x_wconf 83' lang='lat' dir='ltr'>Lucian</span> <span class='ocrx_word' id='word_1_359' title='bbox 1003 2979 1095 3022; x_wconf 82' lang='lat' dir='ltr'>und</span> <span class='ocrx_word' id='word_1_360' title='bbox 1110 2979 1176 3023; x_wconf 84' lang='lat' dir='ltr'>die</span> <span class='ocrx_word' id='word_1_361' title='bbox 1195 2978 1395 3035; x_wconf 80' lang='lat' dir='ltr'>Kyniker</span> <span class='ocrx_word' id='word_1_362' title='bbox 1409 2992 1494 3034; x_wconf 89' lang='lat' dir='ltr'>pp.</span> <span class='ocrx_word' id='word_1_363' title='bbox 1514 2983 1637 3031; x_wconf 86' lang='lat'><strong>33·95</strong></span> <span class='ocrx_word' id='word_1_364' title='bbox 1656 2994 1667 3032; x_wconf 91' lang='lat'>;</span> <span class='ocrx_word' id='word_1_365' title='bbox 1686 2977 1841 3023; x_wconf 89' lang='lat' dir='ltr'>Clem.</span> <span class='ocrx_word' id='word_1_366' title='bbox 1859 2978 1937 3022; x_wconf 90' lang='lat' dir='ltr'>Al.</span> <span class='ocrx_word' id='word_1_367' title='bbox 1956 2979 2091 3030; x_wconf 90' lang='lat' dir='ltr'>(Pot-</span> 
     </span>
     <span class='ocr_line' id='line_1_41' title="bbox 342 3046 2088 3105; baseline -0.001 -14"><span class='ocrx_word' id='word_1_368' title='bbox 342 3049 433 3095; x_wconf 81' lang='lat' dir='ltr'>ter)</span> <span class='ocrx_word' id='word_1_369' title='bbox 451 3062 500 3105; x_wconf 95' lang='lat' dir='ltr'>p.</span> <span class='ocrx_word' id='word_1_370' title='bbox 524 3064 606 3103; x_wconf 83' lang='lat'>943</span> <span class='ocrx_word' id='word_1_371' title='bbox 630 3046 820 3100; x_wconf 83' lang='lat' dir='ltr'>Crates,</span> <span class='ocrx_word' id='word_1_372' title='bbox 849 3050 936 3104; x_wconf 81' lang='lat' dir='ltr'>Ep.</span> <span class='ocrx_word' id='word_1_373' title='bbox 970 3055 1037 3092; x_wconf 85' lang='lat'>26.</span> <span class='ocrx_word' id='word_1_374' title='bbox 1069 3049 1098 3099; x_wconf 65' lang='grc' dir='ltr'><strong>ἓ</strong></span> <span class='ocrx_word' id='word_1_375' title='bbox 1127 3063 1207 3102; x_wconf 88' lang='lat'>72;</span> <span class='ocrx_word' id='word_1_376' title='bbox 1242 3047 1450 3102; x_wconf 91' lang='lat' dir='ltr'>Diogen.</span> <span class='ocrx_word' id='word_1_377' title='bbox 1483 3048 1570 3102; x_wconf 72' lang='lat' dir='ltr'>Ep.</span> <span class='ocrx_word' id='word_1_378' title='bbox 1604 3063 1668 3090; x_wconf 87' lang='lat'>10.</span> <span class='ocrx_word' id='word_1_379' title='bbox 1700 3048 1729 3098; x_wconf 69' lang='grc' dir='ltr'><strong>ἓ</strong></span> <span class='ocrx_word' id='word_1_380' title='bbox 1758 3060 1811 3096; x_wconf 86' lang='grc'>2;</span> <span class='ocrx_word' id='word_1_381' title='bbox 1838 3046 2088 3095; x_wconf 86' lang='lat' dir='ltr'>Plutarch,</span> 
     </span>
     <span class='ocr_line' id='line_1_42' title="bbox 340 3115 1432 3172; baseline -0.004 -11"><span class='ocrx_word' id='word_1_382' title='bbox 340 3118 448 3161; x_wconf 85' lang='lat' dir='ltr'>Non</span> <span class='ocrx_word' id='word_1_383' title='bbox 466 3121 583 3171; x_wconf 67' lang='lat' dir='ltr'>posse</span> <span class='ocrx_word' id='word_1_384' title='bbox 602 3117 789 3161; x_wconf 81' lang='lat' dir='ltr'>suaviter</span> <span class='ocrx_word' id='word_1_385' title='bbox 807 3117 908 3162; x_wconf 85' lang='lat' dir='ltr'>vivi.</span> <span class='ocrx_word' id='word_1_386' title='bbox 932 3130 975 3160; x_wconf 90' lang='lat' dir='ltr'>c.</span> <span class='ocrx_word' id='word_1_387' title='bbox 999 3133 1067 3163; x_wconf 84' lang='lat'>22.</span> <span class='ocrx_word' id='word_1_388' title='bbox 1089 3118 1118 3168; x_wconf 70' lang='grc' dir='ltr'><strong>ἓ</strong></span> <span class='ocrx_word' id='word_1_389' title='bbox 1139 3135 1178 3172; x_wconf 91' lang='lat'>4.</span> <span class='ocrx_word' id='word_1_390' title='bbox 1201 3130 1250 3172; x_wconf 89' lang='lat' dir='ltr'>p.</span> <span class='ocrx_word' id='word_1_391' title='bbox 1278 3131 1380 3160; x_wconf 87' lang='lat'>1102</span> <span class='ocrx_word' id='word_1_392' title='bbox 1400 3115 1432 3159; x_wconf 88' lang='lat' dir='ltr'>f.</span> 
     </span>
    </p>

    <p class='ocr_par' dir='ltr' id='par_1_15' title="bbox 290 3183 2090 3311">
     <span class='ocr_line' id='line_1_43' title="bbox 290 3183 2090 3241; baseline -0.001 -13"><span class='ocrx_word' id='word_1_393' title='bbox 290 3185 333 3228; x_wconf 92' lang='lat' dir='ltr'>It</span> <span class='ocrx_word' id='word_1_394' title='bbox 353 3187 396 3229; x_wconf 90' lang='lat' dir='ltr'>is</span> <span class='ocrx_word' id='word_1_395' title='bbox 415 3184 593 3241; x_wconf 83' lang='lat' dir='ltr'>hardly</span> <span class='ocrx_word' id='word_1_396' title='bbox 613 3198 882 3241; x_wconf 80' lang='lat' dir='ltr'>necessary</span> <span class='ocrx_word' id='word_1_397' title='bbox 901 3190 953 3229; x_wconf 92' lang='lat' dir='ltr'>to</span> <span class='ocrx_word' id='word_1_398' title='bbox 973 3185 1215 3229; x_wconf 89' lang='lat' dir='ltr'>illustrate</span> <span class='ocrx_word' id='word_1_399' title='bbox 1237 3184 1320 3228; x_wconf 88' lang='lat' dir='ltr'>the</span> <span class='ocrx_word' id='word_1_400' title='bbox 1343 3183 1743 3240; x_wconf 89' lang='lat' dir='ltr'>commonplaces</span> <span class='ocrx_word' id='word_1_401' title='bbox 1772 3183 1938 3227; x_wconf 86' lang='lat' dir='ltr'>which</span> <span class='ocrx_word' id='word_1_402' title='bbox 1965 3183 2090 3228; x_wconf 90' lang='lat' dir='ltr'>form</span> 
     </span>
     <span class='ocr_line' id='line_1_44' title="bbox 342 3253 1155 3311; baseline 0 -15"><span class='ocrx_word' id='word_1_403' title='bbox 342 3253 424 3296; x_wconf 89' lang='lat' dir='ltr'>the</span> <span class='ocrx_word' id='word_1_404' title='bbox 446 3256 687 3309; x_wconf 90' lang='lat' dir='ltr'>premises</span> <span class='ocrx_word' id='word_1_405' title='bbox 709 3253 763 3298; x_wconf 93' lang='lat' dir='ltr'>of</span> <span class='ocrx_word' id='word_1_406' title='bbox 779 3254 863 3299; x_wconf 91' lang='lat' dir='ltr'>the</span> <span class='ocrx_word' id='word_1_407' title='bbox 883 3259 1155 3311; x_wconf 87' lang='lat' dir='ltr'>argument.</span> 
     </span>
    </p>
   </div>
   <div class='ocr_carea' id='block_1_3' title="bbox 135 3323 2092 3793">
    <p class='ocr_par' dir='ltr' id='par_1_16' title="bbox 135 3323 2092 3793">
     <span class='ocr_line' id='line_1_45' title="bbox 287 3323 2091 3388; baseline 0.001 -18"><span class='ocrx_word' id='word_1_408' title='bbox 287 3325 394 3370; x_wconf 90' lang='lat' dir='ltr'>The</span> <span class='ocrx_word' id='word_1_409' title='bbox 414 3326 626 3381; x_wconf 87' lang='lat' dir='ltr'>proverb</span> <span class='ocrx_word' id='word_1_410' title='bbox 649 3325 772 3370; x_wconf 79' lang='grc' dir='ltr'>κοινὰ</span> <span class='ocrx_word' id='word_1_411' title='bbox 794 3325 851 3369; x_wconf 83' lang='grc' dir='ltr'>τὰ</span> <span class='ocrx_word' id='word_1_412' title='bbox 873 3329 961 3370; x_wconf 84' lang='grc' dir='ltr'>τῶν</span> <span class='ocrx_word' id='word_1_413' title='bbox 987 3323 1124 3388; x_wconf 82' lang='grc' dir='ltr'>φίλων</span> <span class='ocrx_word' id='word_1_414' title='bbox 1137 3331 1178 3371; x_wconf 88' lang='lat' dir='ltr'>is</span> <span class='ocrx_word' id='word_1_415' title='bbox 1194 3340 1423 3372; x_wconf 91' lang='lat' dir='ltr'>common</span> <span class='ocrx_word' id='word_1_416' title='bbox 1439 3330 1489 3370; x_wconf 91' lang='lat' dir='ltr'>in</span> <span class='ocrx_word' id='word_1_417' title='bbox 1508 3326 1667 3376; x_wconf 86' lang='lat' dir='ltr'>Plato,</span> <span class='ocrx_word' id='word_1_418' title='bbox 1683 3326 1781 3371; x_wconf 90' lang='lat' dir='ltr'>and</span> <span class='ocrx_word' id='word_1_419' title='bbox 1797 3330 1846 3371; x_wconf 90' lang='lat' dir='ltr'>in</span> <span class='ocrx_word' id='word_1_420' title='bbox 1864 3330 1924 3371; x_wconf 91' lang='lat' dir='ltr'>its</span> <span class='ocrx_word' id='word_1_421' title='bbox 1944 3328 2091 3372; x_wconf 88' lang='lat' dir='ltr'>Latin</span> 
     </span>
     <span class='ocr_line' id='line_1_46' title="bbox 342 3389 2092 3450; baseline 0.001 -15"><span class='ocrx_word' id='word_1_422' title='bbox 342 3391 467 3436; x_wconf 85' lang='lat' dir='ltr'>form</span> <span class='ocrx_word' id='word_1_423' title='bbox 486 3395 528 3436; x_wconf 92' lang='lat' dir='ltr'>is</span> <span class='ocrx_word' id='word_1_424' title='bbox 549 3390 702 3436; x_wconf 87' lang='lat' dir='ltr'>found</span> <span class='ocrx_word' id='word_1_425' title='bbox 723 3394 773 3434; x_wconf 92' lang='lat' dir='ltr'>in</span> <span class='ocrx_word' id='word_1_426' title='bbox 794 3389 898 3436; x_wconf 92' lang='lat' dir='ltr'>Cic.</span> <span class='ocrx_word' id='word_1_427' title='bbox 921 3391 969 3436; x_wconf 89' lang='lat' dir='ltr'>de</span> <span class='ocrx_word' id='word_1_428' title='bbox 990 3390 1076 3448; x_wconf 87' lang='lat' dir='ltr'>Off.</span> <span class='ocrx_word' id='word_1_429' title='bbox 1103 3391 1140 3436; x_wconf 94' lang='grc' dir='ltr'>Ι.</span> <span class='ocrx_word' id='word_1_430' title='bbox 1169 3401 1246 3445; x_wconf 88' lang='lat'>16;</span> <span class='ocrx_word' id='word_1_431' title='bbox 1269 3392 1380 3436; x_wconf 90' lang='lat' dir='ltr'>Ter.</span> <span class='ocrx_word' id='word_1_432' title='bbox 1403 3393 1495 3437; x_wconf 88' lang='lat' dir='ltr'>Ad.</span> <span class='ocrx_word' id='word_1_433' title='bbox 1525 3393 1585 3436; x_wconf 89' lang='lat' dir='ltr'>V.</span> <span class='ocrx_word' id='word_1_434' title='bbox 1618 3399 1657 3436; x_wconf 88' lang='grc'>3.</span> <span class='ocrx_word' id='word_1_435' title='bbox 1694 3410 1756 3448; x_wconf 91' lang='lat'>17.</span> <span class='ocrx_word' id='word_1_436' title='bbox 1791 3392 1882 3450; x_wconf 91' lang='lat' dir='ltr'>Cp.</span> <span class='ocrx_word' id='word_1_437' title='bbox 1904 3392 2021 3439; x_wconf 91' lang='lat' dir='ltr'>Sen.</span> <span class='ocrx_word' id='word_1_438' title='bbox 2044 3393 2092 3437; x_wconf 88' lang='lat' dir='ltr'>de</span> 
     </span>
     <span class='ocr_line' id='line_1_47' title="bbox 341 3458 2085 3515; baseline 0.002 -13"><span class='ocrx_word' id='word_1_439' title='bbox 341 3460 476 3504; x_wconf 84' lang='lat' dir='ltr'>Prov.</span> <span class='ocrx_word' id='word_1_440' title='bbox 503 3459 524 3504; x_wconf 94' lang='lat'>1</span> <span class='ocrx_word' id='word_1_441' title='bbox 548 3474 559 3504; x_wconf 77' lang='lat' dir='ltr'><em>z</em></span> <span class='ocrx_word' id='word_1_442' title='bbox 582 3463 709 3504; x_wconf 88' lang='lat' dir='ltr'>inter</span> <span class='ocrx_word' id='word_1_443' title='bbox 728 3458 888 3504; x_wconf 91' lang='lat' dir='ltr'>bonos</span> <span class='ocrx_word' id='word_1_444' title='bbox 909 3462 1042 3505; x_wconf 90' lang='lat' dir='ltr'>viros</span> <span class='ocrx_word' id='word_1_445' title='bbox 1065 3473 1123 3504; x_wconf 85' lang='lat' dir='ltr'>ac</span> <span class='ocrx_word' id='word_1_446' title='bbox 1144 3460 1306 3505; x_wconf 89' lang='lat' dir='ltr'>Deum</span> <span class='ocrx_word' id='word_1_447' title='bbox 1327 3463 1542 3505; x_wconf 90' lang='lat' dir='ltr'>amicitia</span> <span class='ocrx_word' id='word_1_448' title='bbox 1560 3466 1634 3504; x_wconf 91' lang='lat' dir='ltr'>est</span> <span class='ocrx_word' id='word_1_449' title='bbox 1652 3478 1662 3515; x_wconf 93' lang='grc'>;</span> <span class='ocrx_word' id='word_1_450' title='bbox 1680 3462 1729 3506; x_wconf 88' lang='lat' dir='ltr'>de</span> <span class='ocrx_word' id='word_1_451' title='bbox 1744 3462 1855 3506; x_wconf 84' lang='lat' dir='ltr'>Ben.</span> <span class='ocrx_word' id='word_1_452' title='bbox 1870 3462 1985 3506; x_wconf 88' lang='lat' dir='ltr'>VII.</span> <span class='ocrx_word' id='word_1_453' title='bbox 2007 3475 2056 3505; x_wconf 87' lang='lat' dir='ltr'>1v</span> <span class='ocrx_word' id='word_1_454' title='bbox 2075 3476 2085 3506; x_wconf 80' lang='lat' dir='ltr'><em>z</em></span> 
     </span>
     <span class='ocr_line' id='line_1_48' title="bbox 342 3524 2089 3584; baseline 0.002 -13"><span class='ocrx_word' id='word_1_455' title='bbox 342 3530 507 3573; x_wconf 90' lang='lat' dir='ltr'>omnia</span> <span class='ocrx_word' id='word_1_456' title='bbox 522 3528 728 3572; x_wconf 90' lang='lat' dir='ltr'>deorum</span> <span class='ocrx_word' id='word_1_457' title='bbox 748 3532 911 3572; x_wconf 86' lang='lat' dir='ltr'>sunt...</span> <span class='ocrx_word' id='word_1_458' title='bbox 935 3524 1152 3573; x_wconf 85' lang='lat' dir='ltr'>omnia...</span> <span class='ocrx_word' id='word_1_459' title='bbox 1177 3532 1414 3584; x_wconf 89' lang='lat' dir='ltr'>sapientis</span> <span class='ocrx_word' id='word_1_460' title='bbox 1438 3534 1579 3583; x_wconf 88' lang='lat' dir='ltr'>sunt;</span> <span class='ocrx_word' id='word_1_461' title='bbox 1601 3529 1657 3574; x_wconf 78' lang='lat' dir='ltr'>ib.</span> <span class='ocrx_word' id='word_1_462' title='bbox 1681 3530 1904 3575; x_wconf 86' lang='lat' dir='ltr'>V11.v11:</span> <span class='ocrx_word' id='word_1_463' title='bbox 1923 3534 2089 3574; x_wconf 89' lang='lat' dir='ltr'>omnia</span> 
     </span>
     <span class='ocr_line' id='line_1_49' title="bbox 343 3595 917 3650; baseline 0.005 -12"><span class='ocrx_word' id='word_1_464' title='bbox 343 3595 542 3650; x_wconf 88' lang='lat' dir='ltr'>quidem</span> <span class='ocrx_word' id='word_1_465' title='bbox 562 3596 767 3641; x_wconf 89' lang='lat' dir='ltr'>deorum</span> <span class='ocrx_word' id='word_1_466' title='bbox 788 3610 917 3642; x_wconf 89' lang='lat' dir='ltr'>esse.</span> 
     </span>
     <span class='ocr_line' id='line_1_50' title="bbox 135 3663 1614 3723; baseline 0.007 -23"><span class='ocrx_word' id='word_1_467' title='bbox 135 3665 273 3704; x_wconf 69' lang='lat' dir='ltr'>low</span> <span class='ocrx_word' id='word_1_468' title='bbox 308 3663 368 3708; x_wconf 88' lang='lat' dir='ltr'>Te</span> <span class='ocrx_word' id='word_1_469' title='bbox 385 3677 482 3710; x_wconf 86' lang='lat' dir='ltr'>vero</span> <span class='ocrx_word' id='word_1_470' title='bbox 500 3665 652 3710; x_wconf 79' lang='lat' dir='ltr'>mentis</span> <span class='ocrx_word' id='word_1_471' title='bbox 670 3667 832 3721; x_wconf 78' lang='lat' dir='ltr'>inopem</span> <span class='ocrx_word' id='word_1_472' title='bbox 850 3678 943 3720; x_wconf 81' lang='lat' dir='ltr'>quae</span> <span class='ocrx_word' id='word_1_473' title='bbox 961 3664 1142 3711; x_wconf 81' lang='lat' dir='ltr'>oblatum</span> <span class='ocrx_word' id='word_1_474' title='bbox 1162 3666 1237 3711; x_wconf 82' lang='lat' dir='ltr'>hoc</span> <span class='ocrx_word' id='word_1_475' title='bbox 1255 3669 1422 3723; x_wconf 82' lang='lat' dir='ltr'>respuis</span> <span class='ocrx_word' id='word_1_476' title='bbox 1439 3680 1614 3713; x_wconf 84' lang='lat' dir='ltr'>aurum.</span> 
     </span>
     <span class='ocr_line' id='line_1_51' title="bbox 292 3730 2087 3793; baseline 0.003 -19"><span class='ocrx_word' id='word_1_477' title='bbox 292 3730 445 3788; x_wconf 87' lang='lat' dir='ltr'>Lily’s</span> <span class='ocrx_word' id='word_1_478' title='bbox 466 3732 758 3777; x_wconf 75' lang='lat' dir='ltr'>Introduction</span> <span class='ocrx_word' id='word_1_479' title='bbox 778 3732 847 3777; x_wconf 88' lang='lat' dir='ltr'>&amp;c</span> <span class='ocrx_word' id='word_1_480' title='bbox 868 3732 1008 3789; x_wconf 81' lang='lat'>(1542)</span> <span class='ocrx_word' id='word_1_481' title='bbox 1029 3738 1207 3789; x_wconf 90' lang='lat' dir='ltr'>quotes</span> <span class='ocrx_word' id='word_1_482' title='bbox 1238 3734 1323 3779; x_wconf 89' lang='lat' dir='ltr'>the</span> <span class='ocrx_word' id='word_1_483' title='bbox 1344 3735 1460 3784; x_wconf 87' lang='lat' dir='ltr'>line,</span> <span class='ocrx_word' id='word_1_484' title='bbox 1483 3733 1609 3793; x_wconf 76' lang='lat' dir='ltr'>Quis</span> <span class='ocrx_word' id='word_1_485' title='bbox 1628 3737 1724 3780; x_wconf 91' lang='lat' dir='ltr'>nisi</span> <span class='ocrx_word' id='word_1_486' title='bbox 1743 3738 1922 3780; x_wconf 88' lang='lat' dir='ltr'>mentis</span> <span class='ocrx_word' id='word_1_487' title='bbox 1943 3736 2087 3790; x_wconf 86' lang='lat' dir='ltr'>inops</span> 
     </span>
    </p>
   </div>
  </div>
 </body>
</html>
