2444 4140
2015 218 2112 289 123

364 379 523 434 under
543 388 626 433 the
648 387 877 444 dragon’s
898 386 1056 432 taili...
1081 400 1137 433 so
1157 386 1265 432 that
1283 388 1321 431 it
1338 384 1537 431 follows
1559 385 1581 431 I
1604 398 1736 430 am...
1758 384 2039 432 lecherous.

315 457 374 502 R.
394 457 617 514 Harvey,
635 460 715 503 An
733 457 1041 513 Astrologicall
1056 458 1291 503 Discourse
1309 456 1452 508 (1582)
1475 470 1485 501 ε
1511 454 1648 512 Haly
1670 455 1748 500 his
1764 454 2056 512 judgement
2074 458 2118 500 is

366 531 420 583 yt
446 527 619 572 Venus
649 529 816 571 iuncta
847 540 959 570 curn
986 526 1148 572 cauda
1177 526 1424 572 Draconis
1454 523 1699 581 significat
1732 524 2120 570 destructionem

367 594 583 639 futuram
601 598 652 640 in
670 593 976 640 mulieribus.

312 662 463 708 From
483 664 736 721 astrology
764 665 849 709 the
879 670 1004 709 term
1039 663 1175 709 cauda
1203 664 1402 710 draconis
1430 677 1538 709 was
1557 661 1857 708 transferred
1879 667 1932 708 to
1960 661 2122 708 alche-

364 746 463 789 my.
486 731 584 778 See
603 731 757 779 Skeat
777 747 843 777 on
863 731 1105 787 Chaucer‚
1128 731 1228 779 CT.
1251 732 1313 783 G,
1338 739 1459 789 1438.

179 804 285 842 984
314 801 628 856 simplicium...
652 804 859 847 attenuate
880 803 1155 846 convertaris.

313 868 749 927 Hegendorffinus‚
770 871 1022 925 Dragmata
1046 887 1095 915 10
1110 885 1136 909 ε(
1153 870 1228 914 De
1251 874 1580 915 conversione
1595 884 1622 909 >³
1641 885 1650 915 :
1671 870 1752 914 Fit
1766 871 1898 921 enim
1912 869 1994 915 vel
2014 872 2123 915 sim-

367 938 483 994 plex
518 937 728 983 subiecti
749 942 799 982 in
819 938 1143 995 praedicatum
1173 939 1213 983 &
1244 941 1271 983 e
1307 943 1555 984 contrario
1591 942 1871 992 conuersio‚
1893 944 1947 984 ut
1974 952 2123 983 omne

368 1021 457 1054 ens
480 1011 555 1052 est
574 1022 742 1055 unum.
762 1022 881 1064 ergo
902 1022 1047 1052 omne
1066 1022 1212 1053 unum
1233 1013 1309 1053 est
1329 1022 1435 1053 ens.
1453 1008 1549 1053 Vel
1569 1007 1624 1052 fit
1650 1008 1973 1053 accidentalis
1994 1021 2124 1063 quae-

368 1075 482 1121 dam
515 1080 894 1122 transmutatio..
926 1082 981 1121 ut
1008 1090 1155 1122 omne
1187 1090 1369 1132 corpus
1391 1082 1469 1122 est
1490 1077 1717 1127 solidum.
1742 1090 1860 1134 ergo
1881 1076 2125 1133 quoddam

371 1144 586 1190 solidum
607 1151 683 1191 est
703 1159 902 1202 corpus.

178 1218 283 1256 985
315 1215 443 1269 signa
461 1218 630 1260 minora
649 1219 762 1271 cape.

318 1283 753 1338 Hegendorffinus,
799 1285 1051 1339 Dragmata
1085 1291 1110 1328 8
1151 1299 1162 1329 z
1200 1283 1424 1341 Signa....
1467 1283 1770 1329 uniuersalia
1806 1297 1920 1329 esse
1955 1283 2125 1329 dicunt

369 1355 546 1405 omnis,
565 1366 727 1401 nemo,
747 1353 929 1398 nullus.
953 1352 1106 1409 Signa
1127 1353 1446 1411 particularia
1465 1356 1606 1398 uaria
1627 1358 1811 1397 sunt....
1829 1357 1883 1398 ut
1904 1352 2121 1408 quidam.

179 1425 286 1462 942
315 1424 500 1466 cauta...
522 1423 623 1467 Imo-
636 1425 675 1467 et
691 1425 814 1467 caste.

316 1490 374 1535 In
397 1490 620 1535 Binder‘s
642 1492 794 1535 Novus
820 1490 1070 1537 Thesaurus
1090 1491 1379 1546 Adagiorum,
1402 1489 1616 1549 proverb
1636 1505 1719 1537 no.
1738 1498 1845 1537 3122
1864 1495 1908 1537 is
1924 1506 1950 1531 t<
1967 1494 2009 1537 si
2023 1504 2125 1537 non

374 1565 698 1608 caste‚tamen
714 1565 858 1604 caute
872 1551 913 1602 ί).
931 1559 1012 1604 He
1028 1559 1182 1605 refers
1198 1567 1249 1605 to
1263 1561 1305 1614 J.
1319 1561 1389 1605 M.
1401 1559 1650 1613 Schamel,
1667 1560 1936 1606 Lateinische
1950 1559 2126 1616 Sprich-

373 1631 538 1677 wo'rter.
556 1628 620 1673 II.
644 1636 712 1681 69,
735 1629 902 1674 which
924 1629 946 1675 Ι
967 1629 1096 1674 have
1118 1635 1203 1674 not
1221 1643 1356 1675 seen.

318 1696 378 1742 R.
398 1697 702 1754 Harvey,An
717 1698 1024 1754 Astrologicall
1039 1699 1288 1748 Discourse,
1310 1703 1429 1748 1582,
1441 1713 1491 1756 p.
1509 1707 1564 1743 60
1581 1710 1592 1740 :
1610 1698 1694 1743 the
1711 1701 1924 1756 impious
1943 1697 2127 1756 policie

371 1765 564 1811 vttered
585 1769 636 1810 in
657 1779 686 1811 a
706 1779 937 1812 common
957 1765 1203 1822 prouerbe
1224 1766 1277 1813 Si
1297 1781 1399 1813 non
1419 1773 1572 1816 caste,
1594 1772 1762 1812 tamen
1781 1772 1942 1813 caute.

178 1838 283 1875 945
315 1849 406 1890 quee
422 1835 469 1879 in
488 1849 552 1879 me
572 1834 745 1880 habitat.
769 1834 860 1892 Cp.
884 1840 962 1891 445
984 1850 1032 1880 n.

181 1907 288 1943 ⁰5⁰
318 1903 357 1948 O
368 1902 608 1958 plumbeum
624 1904 888 1960 pugionem!
907 1903 1012 1950 Cic.
1033 1906 1103 1949 De
1122 1907 1167 1949 F
1167 1906 1230 1950 in.
1255 1904 1342 1949 IV.
1369 1912 1433 1950 18.

180 1975 415 2013 954-958
443 1972 724 2018 Contrarium
742 1975 893 2030 expetit
909 1987 1035 2019 suum
1054 1975 1388 2019 contrarium...
1410 1977 1457 2018 in
1475 1974 1659 2019 Ethicis.

315 2039 408 2097 CP.
431 2042 582 2087 Arist.
613 2041 720 2087 Eth.
745 2041 811 2086 11.
832 2059 876 2097 9.
906 2062 933 2098 4
966 2057 976 2087 ε
999 2050 1176 2090 σκοπεῖν
1204 2042 1250 2090 δέ
1275 2042 1338 2090 δεῖ
1362 2046 1474 2109 πρὸς
1500 2049 1526 2090 ὁὶ
1556 2047 1630 2090 καὶ
1667 2043 1791 2090 αὐτοὶ
1824 2043 2124 2117 εὐκατάφοροι

375 2111 568 2173 ἐσμεν...
599 2112 658 2164 εἷς
682 2111 929 2158 τοῦνάντιον
956 2110 994 2158 δ’
1023 2113 1204 2165 ἑαυτοὺς
1230 2112 1435 2185 ἀφέλκειν
1455 2112 1536 2166 δεῖ,
1560 2112 1676 2159 πολὺ
1701 2116 1786 2179 γὰρ
1813 2113 2121 2177 ἀπαγαγόντες

375 2186 455 2226 τοῦ
480 2181 741 2245 ἁμαρτάνειν
769 2182 827 2233 εἷς
852 2183 903 2227 τὸ
930 2181 1059 2243 μέσον
1080 2177 1260 2243 ἥξομεν,

180 2265 286 2302 955
315 2276 399 2306 non
419 2264 718 2318 contingenter,
740 2263 815 2307 sed
830 2262 1040 2316 catholice,
1062 2277 1088 2302 «
1102 2269 1191 2308 not
1209 2263 1398 2321 merely
1417 2267 1468 2308 in
1487 2264 1571 2308 the
1594 2278 1740 2310 sense
1759 2262 1867 2309 that
1884 2266 1922 2308 it
1939 2277 2039 2321 may
2058 2261 2121 2307 be

371 2336 495 2380 true,
518 2331 608 2376 but
628 2331 736 2376 that
755 2335 792 2376 it
812 2335 854 2376 is
877 2345 934 2376 so
953 2332 1259 2389 universally
1273 2346 1315 2375 ι).

186 2403 293 2439 959
322 2400 536 2456 Lynceus.
560 2398 670 2446 One
701 2399 755 2445 of
783 2400 868 2445 the
897 2401 1199 2456 Argonauts‚
1223 2399 1583 2455 distinguished
1611 2400 1686 2447 for
1718 2401 1796 2446 his
1826 2400 1955 2446 keen
1975 2400 2121 2458 sight.

377 2468 469 2527 Cp.
493 2468 598 2515 Cic.
619 2471 753 2513 Fam.
777 2469 862 2513 IX.
885 2484 911 2516 2
930 2483 940 2514 :
959 2472 1070 2525 quis
1092 2474 1168 2515 est
1187 2474 1288 2514 tam
1311 2470 1545 2527 Lynceus
1566 2473 1719 2526 quiin
1733 2473 1883 2515 tantis
1904 2468 2122 2515 tenebris

373 2538 497 2583 nihil
518 2538 769 2583 offendat?
790 2538 915 2582 Hor.
937 2539 1031 2584 Sat.
1056 2538 1095 2583 Ι.
1118 2554 1158 2584 2.
1181 2554 1234 2592 90
1257 2553 1267 2582 z
1292 2538 1485 2596 Lyncei
1505 2540 1654 2585 oculi.

184 2610 287 2646 961
320 2621 342 2649 0
347 2605 453 2661 fors
458 2606 660 2662 fortuna.
683 2605 796 2652 Ter.
817 2607 1000 2652 Phorm.
1023 2606 1085 2651 V.
1112 2615 1176 2651 16.
1202 2624 1240 2651 1.

318 2675 647 2721 descendendum
661 2679 723 2721 est
739 2677 785 2719 in
806 2676 930 2721 solem
951 2676 1004 2718 (g.
1019 2675 1247 2732 pulverem.
1272 2675 1376 2722 Cic,
1398 2677 1537 2732 Leges
1557 2675 1649 2721 III.
1674 2683 1715 2721 6.
1737 2676 1796 2720 ad
1811 2675 1886 2722 fin.

184 2747 290 2784 0⁷4
320 2743 469 2789 bonis..
487 2744 651 2791 avibus.
676 2743 770 2789 Ov.
792 2746 837 2789 F
837 2747 918 2790 ast.
943 2743 982 2789 Ι.
1006 2748 1084 2790 513
1109 2759 1119 2789 ε
1143 2749 1248 2790 este
1268 2743 1413 2790 bonis
1434 2743 1608 2790 avibus
1630 2747 1725 2790 visi
1743 2749 1963 2800 natoque
1981 2742 2122 2789 mihi-

371 2826 484 2869 que.

185 2884 290 2922 975
320 2895 406 2926 non
432 2896 512 2927 vox
541 2883 748 2928 hominem
782 2886 906 2928 sonat
927 2896 941 2927 .·
960 2882 1000 2927 O
1030 2882 1107 2928 dea
1139 2885 1260 2929 certe.
1279 2882 1430 2940 Verg.
1460 2883 1576 2928 Aen.
1601 2882 1639 2928 I.
1664 2888 1742 2928 328
1763 2881 1968 2937 (quoted
1986 2884 2038 2928 in
2055 2880 2120 2927 G.

374 2950 620 3008 Harvey’s
640 2952 805 2997 Rhetor
824 2951 957 3003 N1v).

187 3022 258 3060 98
269 3024 297 3060 1
330 3020 388 3064 In
408 3021 586 3076 tempore
604 3022 736 3074 venis,
759 3021 871 3076 quod
887 3021 1074 3065 omnium
1092 3034 1240 3066 rerum
1259 3023 1320 3065 est
1329 3022 1540 3077 primum.

319 3086 431 3202 TeIi’z
443 3090 496 3132 H
498 3092 608 3134 eaut.
621 3089 686 3134 II.
700 3095 739 3134 3.
755 3096 832 3135 123
851 3104 861 3135 ε
877 3089 937 3136 In
952 3094 1174 3147 tempore
1192 3089 1256 3135 ad
1272 3103 1381 3135 eam
1402 3092 1516 3134 veni
1533 3088 1667 3144 quod
1681 3102 1845 3134 rerum
1856 3091 2123 3134 omniumst

416 3170 608 3203 rimum.

318 3224 426 3271 The
447 3224 548 3271 line
568 3230 611 3272 is
632 3227 819 3283 quoted
837 3240 976 3273 more
996 3227 1117 3273 than
1137 3241 1261 3273 once
1283 3230 1334 3272 in
1356 3227 1509 3285 Lily's
1529 3226 1804 3273 Grammar.

189 3295 302 3334 ⁹82
334 3295 571 3350 Adesdum,
586 3299 737 3352 paucis
757 3299 793 3341 te
807 3297 910 3342 volo.
932 3295 1044 3341 Ter.
1067 3297 1217 3341 Andr.
1241 3296 1280 3342 1.
1306 3313 1343 3342 1.
1367 3312 1407 3342 2.

191 3366 295 3403 985
327 3363 611 3419 Cogitanti...
643 3365 773 3411 solent
793 3368 882 3422 qui.
898 3365 1006 3411 The
1026 3370 1245 3423 opening
1272 3364 1490 3422 (slightly
1507 3364 1752 3421 changed)
1771 3363 1826 3410 of
1841 3363 1945 3409 Cic.
1967 3363 2015 3407 de
2036 3363 2119 3409 Or.

191 3435 298 3471 988
327 3446 412 3478 esse
428 3436 546 3488 posse
565 3434 805 3479 videantur.
821 3434 1039 3481 Cicero‘s
1060 3434 1266 3480 favorite
1289 3435 1471 3491 ending
1487 3434 1540 3479 of
1552 3449 1581 3479 a
1598 3441 1849 3482 sentence,
1862 3431 2030 3477 which
2044 3432 2122 3476 his

378 3504 619 3547 imitators
641 3502 787 3549 made
807 3517 874 3549 an
893 3508 1150 3549 excessive
1166 3518 1255 3549 use
1271 3503 1326 3549 of
1342 3504 1439 3548 and
1461 3517 1592 3549 were
1612 3503 1830 3559 laughed
1850 3508 1900 3548 at
1920 3499 2121 3546 accord-

375 3571 526 3628 ingly.

325 3636 630 3694 Montaigne‚
666 3642 759 3685 Des
790 3643 948 3687 Livres
983 3657 993 3686 ε
1028 3642 1128 3687 Les
1163 3641 1400 3687 Orateurs
1430 3645 1618 3687 voisins
1654 3641 1716 3686 de
1750 3655 1842 3685 son
1871 3638 2021 3685 siecle
2055 3636 2121 3692 [le

383 3707 535 3752 siecle
563 3708 624 3753 de
655 3708 884 3763 Ciceron)
911 3714 1261 3768 reprenoient..
1285 3726 1348 3756 en
1368 3712 1469 3768 luy,
1493 3725 1550 3755 ce
1572 3714 1773 3755 curieux
1799 3712 1908 3753 soin
1937 3707 1999 3752 de
2018 3719 2121 3751 cer·

380 3779 515 3823 taine
546 3776 730 3835 longue
763 3779 997 3832 cadence,
1034 3794 1099 3826 au
1132 3778 1254 3827 bout
1286 3780 1349 3827 de
1377 3794 1460 3827 ses
1487 3780 1700 3834 clauseS,
1722 3779 1762 3824 &
1781 3780 2005 3824 notoient
2036 3787 2120 3822 ces
