2444 4140
339 177 437 230 142

335 319 480 356 2οῒ8
511 314 714 360 Cataiam
734 315 844 370 (quae
863 327 998 358 novus
1018 312 1132 358 orbis
1153 313 1353 364 dieitur).

503 384 706 432 Rather,
729 383 813 427 the
836 383 883 427 N
889 397 967 426 ew
986 382 1167 426 World
1186 397 1293 426 was
1316 388 1366 426 at
1386 382 1493 427 first
1515 382 1773 440 supposed
1802 389 1851 427 to
1883 382 1947 427 be
1979 389 2179 428 eastern
2200 384 2325 429 Asia

556 467 612 497 or
634 452 845 509 Cathay.

334 528 483 563 2079
515 536 647 566 comes
668 525 713 565 in
733 525 804 565 ‘oia
810 520 1052 576 facundus.

501 590 747 636 Publilius
771 589 927 647 Syrus
953 605 966 634 ;
987 589 1170 635 Comes
1191 590 1436 635 facundus
1460 594 1510 634 in
1530 595 1611 635 via
1643 605 1733 644 pro
1764 591 1999 635 vehiculo
2022 596 2098 635 est
2119 590 2326 647 (quoted

558 658 785 704 Macrob.
809 661 903 704 Sat.
929 659 995 704 II.
1019 661 1079 714 7.)

333 735 478 771 2084
508 734 710 785 exiguum
730 743 889 774 munus
909 743 1004 773 oum
1024 730 1099 773 dat
1117 729 1193 775 tibi
1201 733 1369 786 pauper
1384 731 1563 779 amicus,
1582 733 1755 785 accipito
1766 731 1945 785 placide,
1962 730 2080 784 plene
2095 733 2133 775 et
2147 729 2327 775 laudare

553 801 770 844 memento.
1096 833 1098 835 .
1747 809 1750 811 ’

501 868 777 924 Dionysius
799 866 941 917 Cato,
965 868 1194 925 Distyeha,
1221 867 1331 912 Lib.
1359 869 1396 911 Ι.

334 942 479 978 2002
509 938 622 983 Cum
648 937 943 982 aulicarum...
966 938 1109 982 studia
1130 952 1236 993 quae.

500 1006 605 1052 Cic.
649 1007 780 1051 Tuso.
821 1008 951 1062 Disp.
990 1009 1230 1062 (opening
1265 1006 1451 1059 words)
1491 1022 1500 1051 :
1540 1021 1654 1051 cum
1688 1006 2037 1051 defensionum
2069 1005 2326 1052 laboribus

557 1078 925 1131 senatoriisque
947 1075 1236 1120 muneribus
1260 1086 1344 1120 aut
1366 1080 1569 1120 omnino
1591 1082 1676 1120 aut
1696 1090 1879 1133 magna
1901 1091 1960 1120 ex
1991 1082 2133 1133 parte
2163 1089 2329 1121 essem

555 1144 829 1200 aliquando
850 1144 1107 1194 liberatus,
1132 1146 1301 1190 rettuli
1327 1160 1422 1195 me,
1459 1146 1628 1197 Brute,
1661 1153 1709 1190 te
1739 1146 1970 1190 hortante
2001 1149 2230 1200 maxime,
2265 1144 2330 1190 ad

557 1228 618 1259 ea
640 1215 804 1259 studia
831 1228 996 1270 quae...

334 1289 649 1326 2090-2098
687 1284 757 1328 Tu
777 1298 818 1328 es
839 1284 914 1328 illa
930 1284 1117 1338 parvula
1134 1285 1341 1340 piscicula
1363 1285 1579 1337 (Remora
1599 1284 1717 1336 mea)
1741 1299 1884 1340 quae...
1908 1287 2092 1336 coegisti.

502 1352 758 1410 Probably
781 1353 1051 1410 suggested
1071 1353 1412 1411 immediately
1433 1353 1501 1411 by
1529 1353 1813 1400 Corderius’
1839 1354 2139 1407 Elegautlores
2169 1353 2330 1410 aliquot

548 1423 768 1480 parabolae
787 1438 838 1468 ex
862 1424 1049 1467 Erasmi
1076 1425 1199 1467 Rote.
1231 1423 1442 1468 similibus
1471 1424 1517 1467 in
1543 1427 1779 1478 puerorum
1809 1438 1934 1466 usum
1964 1423 2166 1468 seleotce...
2205 1429 2325 1478 1533,

555 1493 727 1537 where
758 1507 783 1532 κ
805 1493 994 1536 Vitium
1014 1506 1040 1530 >³
1073 1495 1114 1536 is
1146 1493 1261 1536 thus
1293 1492 1574 1536 illustrated
1597 1507 1606 1536 :
1633 1492 2067 1551 Quemadmodum
2088 1492 2328 1537 Echineis

557 1566 665 1608 siue
690 1563 908 1607 Remora
930 1565 1083 1617 piscis
1105 1562 1464 1619 perpusillus...
1490 1566 1717 1617 quamvis
1738 1576 1972 1618 magnam
2002 1565 2173 1606 nauim
2202 1561 2329 1605 velis

559 1646 617 1677 ac
639 1636 788 1676 remis
811 1635 1083 1681 incitatam,
1110 1630 1274 1676 subito
1300 1635 1429 1676 sistit
1462 1644 1471 1673 :
1507 1633 1584 1675 Ita
1614 1632 1887 1677 scortulum
1917 1632 2184 1687 aliquoties
2216 1629 2331 1675 ada-

557 1707 745 1746 matum
766 1705 994 1757 ingentes
1018 1704 1186 1755 animi,
1211 1701 1276 1745 ad
1306 1702 1535 1750 honesta,
1569 1704 1784 1756 impetus
1814 1699 1995 1745 retinet
2025 1700 2329 1756 adligatque.

558 1770 846 1816 Pedantius’
869 1770 1180 1827 application
1201 1770 1256 1815 of
1271 1770 1369 1814 this
1394 1770 1601 1827 parable
1624 1778 1674 1814 to
1699 1770 1863 1827 Lydia
1883 1774 1925 1814 is
1950 1784 1980 1814 a
2001 1773 2144 1825 piece
2167 1768 2222 1814 of
2246 1768 2330 1813 the
2380 1811 2387 1817 ,

560 1833 778 1885 author's
812 1841 1186 1885 characteristic
1215 1839 1444 1884 humour.
1474 1839 1582 1884 The
1615 1845 1753 1896 story
1784 1839 1834 1883 of
1849 1840 1935 1884 the
1964 1841 2135 1907 ἐχενηίς
2157 1852 2213 1884 or
2235 1838 2331 1883 Re-

558 1924 699 1955 mora
720 1923 843 1966 goes
865 1909 997 1954 back
1018 1915 1068 1953 to
1089 1910 1295 1954 Aristot.
1319 1911 1389 1953 H.
1412 1911 1476 1954 A.
1498 1910 1563 1954 II.
1586 1927 1650 1966 14.
1671 1929 1695 1966 4
1713 1910 1812 1953 and
1831 1910 1960 1953 Plin.
1978 1910 2091 1953 Nat.
2110 1909 2180 1954 H.
2199 1925 2240 1962 9.
2259 1913 2330 1952 25.

559 1979 650 2037 Cp.
675 1979 949 2037 Sylvester,
972 1981 1050 2024 Du
1071 1981 1239 2024 Bartas
1268 1980 1411 2031 (1608)
1432 1994 1480 2036 p.
1509 1986 1601 2030 131,
1626 1979 1726 2023 and
1747 1978 1961 2031 Greene,
1985 1979 2184 2027 suimus,
2211 1983 2291 2034 459
2313 1992 2322 2022 :

557 2049 666 2094 The
689 2049 912 2093 echineis
937 2053 1105 2093 swims
1128 2052 1324 2104 against
1344 2050 1429 2093 the
1453 2054 1678 2094 streams.

334 2124 479 2161 2007
511 2120 614 2164 velis
633 2120 746 2175 quod
764 2123 888 2165 aiunt
905 2122 1132 2174 remisque.

501 2188 606 2235 Cic.
637 2189 765 2234 Tuso.
792 2189 884 2233 III.
908 2203 956 2233 11.
984 2194 1035 2233 25
1061 2201 1070 2230 :
1095 2188 1236 2237 velis,
1260 2193 1314 2232 ut
1334 2191 1403 2233 ita
1424 2188 1603 2238 dicam,
1626 2191 1894 2244 remisque.

334 2264 480 2301 2100
505 2262 631 2314 gutta
651 2262 773 2304 cavat
791 2259 989 2315 lapidem,
1012 2273 1098 2303 uon
1117 2261 1160 2302 vi
1180 2259 1254 2303 sed
1271 2262 1376 2313 saepe
1396 2259 1594 2303 cadendo.

501 2328 594 2374 Ov.
617 2330 749 2373 Pout.
775 2328 861 2372 IV.
890 2345 955 2372 10.
981 2333 1019 2372 5.
1045 2327 1199 2374 Gutta
1221 2332 1368 2372 cavat
1386 2327 1608 2386 lapidem
1631 2340 1640 2369 :
1665 2330 1973 2372 consumitur
2001 2326 2181 2372 anulus
2211 2340 2323 2371 usu.

501 2398 582 2444 On
613 2399 697 2444 the
725 2397 853 2443 form
883 2397 937 2443 of
962 2398 1046 2442 the
1077 2398 1179 2441 line
1209 2401 1359 2453 given
1388 2400 1439 2442 in
1469 2398 1554 2442 the
1583 2402 1701 2447 text,
1734 2411 1820 2442 see
1855 2399 1990 2441 Notes
2020 2396 2110 2440 aud
2140 2396 2227 2454 Qu.
2260 2395 2323 2440 V.

555 2468 662 2514 Ser.
685 2468 830 2514 VIII.
855 2472 950 2512 513.

500 2537 593 2595 Cp.
618 2538 678 2583 R.
702 2537 917 2587 Greene,
940 2538 1062 2592 Soug
1067 2536 1194 2593 from
1217 2537 1376 2582 Alcida
1396 2537 1560 2594 (Dyce
1581 2536 1677 2590 318)
1703 2549 1713 2578 ε
1734 2537 1792 2581 In
1812 2539 1930 2580 time
1944 2550 2022 2580 we
2039 2549 2125 2594 see
2141 2534 2325 2582 thesil·

555 2622 642 2652 ver
664 2607 816 2663 drops
838 2606 945 2652 The
968 2620 1154 2663 craggy
1178 2612 1349 2651 stones
1370 2606 1518 2651 make
1540 2608 1653 2652 soft.

502 2677 561 2722 R.
586 2677 908 2726 Brathwaite‚
932 2676 1205 2731 Shepheards
1234 2676 1358 2721 Tales
1381 2676 1401 2720 Ι
1424 2677 1642 2728 (Natures
1662 2675 1905 2727 Embassie,
1928 2689 1978 2732 p.
2006 2674 2102 2728 195)
2126 2689 2135 2719 :
2159 2673 2327 2721 Conti-

554 2747 693 2792 nuall
715 2747 867 2804 drops
888 2745 993 2790 will
1015 2749 1184 2801 pierce
1204 2745 1288 2789 the
1310 2745 1516 2790 hardest
1538 2756 1697 2790 stone.

333 2821 478 2858 2104
509 2831 732 2873 nunquam
751 2831 850 2862 sera
865 2819 926 2860 est
944 2817 1003 2860 ad
1022 2816 1147 2860 bonos
1166 2830 1304 2860 mores
1325 2819 1410 2860 via.

500 2886 568 2932 So
589 2890 739 2943 given
759 2890 811 2930 in
835 2885 990 2943 Lily’s
1011 2886 1039 2929 I
1042 2887 1232 2929 nstitutlo
1253 2884 1322 2928 &c
1349 2889 1453 2941 1542
1473 2907 1529 2914 —
1549 2899 1578 2928 a
1598 2887 1845 2928 variation
1862 2882 1916 2928 of
1927 2882 2140 2936 Seneca,
2159 2884 2324 2938 Agam-

555 2963 635 3013 243
661 2969 670 2998 :
694 2970 812 3001 nam
833 2969 947 3000 sera
965 2968 1226 3010 nunquam
1248 2959 1323 2999 est
1345 2953 1409 2999 ad
1430 2953 1593 2999 bonos
1615 2968 1778 2999 mores
1802 2957 1900 2998 via.

334 3030 482 3067 2105
513 3040 644 3071 canas
656 3026 940 3083 palmodz'am.

502 3095 728 3140 Macrob.
751 3096 846 3140 Sat.
870 3094 987 3139 VII.
1012 3099 1033 3138 5
1054 3111 1064 3150 ;
1086 3094 1190 3148 Jos.
1218 3094 1376 3150 Lang,
1401 3093 1600 3149 Adagia‚
1626 3098 1746 3146 1596,
1770 3107 1819 3149 p.
1844 3097 1940 3138 505.

335 3169 484 3206 2106
515 3179 711 3210 canescas
731 3166 778 3210 in
796 3167 1014 3210 senectute.

499 3235 670 3285 Set0n‚
692 3235 946 3289 Dialectica‚
968 3236 1109 3290 gives
1131 3247 1187 3278 as
1206 3233 1284 3277 his
1308 3232 1537 3290 example
1558 3231 1612 3277 of
1637 3231 1721 3277 the
1751 3231 1836 3276 3rd
1869 3231 1990 3276 kind
2021 3230 2076 3275 of
2094 3230 2325 3287 proprium

554 3302 890 3360 (inseparable
912 3303 1160 3355 accident)
1182 3301 1236 3347 of
1252 3316 1367 3346 man
1391 3317 1401 3346 :
1426 3315 1696 3347 canescere
1718 3304 1770 3345 in
1790 3304 1949 3346 senio.

500 3374 597 3417 Scio
617 3388 736 3418 omne
749 3373 1015 3429 pulchrum..
1037 3386 1124 3417 esse
1143 3372 1322 3432 dffoile.
2400 3415 2407 3434 ⁴,

505 3441 700 3489 δύσκολα
725 3447 780 3490 τὰ
806 3443 939 3490 καλά.
966 3441 1058 3497 Cp.
1085 3442 1340 3490 Erasmus,
1366 3440 1632 3496 Colloquium
1647 3441 1782 3485 Proci
1798 3439 1851 3484 ὦ·
1867 3438 2027 3484 Puellae
2046 3452 2055 3482 ε
2077 3437 2179 3483 Ma.
2197 3436 2326 3482 Diffi-

559 3513 655 3556 cile
678 3518 753 3555 est
775 3512 911 3568 quod
930 3524 1120 3556 narras.
1147 3511 1236 3556 Pa.
1262 3510 1309 3555 N
1316 3523 1373 3554 ec
1403 3514 1580 3554 mirum
1611 3512 1728 3564 quia
1757 3508 2024 3567 pulchrum
2050 3512 2140 3556 est,
2174 3514 2323 3563 atque
2438 3524 2444 3525 ff

560 3579 626 3625 ob
647 3581 743 3625 hoc
763 3584 929 3637 ipsum
949 3585 1002 3624 tu
1024 3594 1225 3636 quoque
1248 3579 1461 3624 difficilis
1480 3593 1550 3623 es.

338 3654 481 3691 2107
513 3651 578 3694 nil
595 3653 683 3694 tam
703 3650 865 3709 dffczle
885 3653 959 3704 est,
983 3650 1095 3705 quod
1111 3664 1196 3694 nou
1216 3649 1387 3694 solertia
1406 3651 1561 3694 vincat.

504 3718 612 3763 The
633 3718 739 3762 first
759 3718 860 3763 line
882 3722 931 3763 ot
952 3719 1142 3764 Carmen
1162 3719 1211 3764 de
1229 3717 1435 3763 Moribus
1456 3722 1507 3762 in
1530 3716 1683 3774 Lily’s
1715 3716 2011 3762 Introduction
2040 3714 2126 3759 &c.
2159 3713 2327 3760 Based
2443 3745 2444 3784 }

566 3801 633 3834 no
651 3786 807 3832 doubt
823 3801 890 3832 on
907 3788 1144 3833 Manilius
1160 3787 1198 3833 I.
1214 3793 1265 3842 95
1279 3786 1484 3833 :Omnia
1499 3786 1731 3833 conando
1747 3785 1924 3831 docilis
1941 3785 2144 3830 solertia
2158 3786 2325 3829 vincit.
2386 3822 2390 3829 .
