<?xml version="1.0" encoding="UTF-8"?>
<!DOCTYPE html PUBLIC "-//W3C//DTD XHTML 1.0 Transitional//EN"
    "http://www.w3.org/TR/xhtml1/DTD/xhtml1-transitional.dtd">
<html xmlns="http://www.w3.org/1999/xhtml" xml:lang="en" lang="en">
 <head>
  <title>
</title>
<meta http-equiv="Content-Type" content="text/html;charset=utf-8" />
  <meta name='ocr-system' content='tesseract 3.04.00' />
  <meta name='ocr-capabilities' content='ocr_page ocr_carea ocr_par ocr_line ocrx_word'/>
</head>
<body>
  <div class='ocr_page' id='page_1' title='image "./pedantiuslatinco00forsuoft_0164.png"; bbox 0 0 2444 4140; ppageno 0'>
   <div class='ocr_carea' id='block_1_1' title="bbox 459 466 529 534">
    <p class='ocr_par' dir='ltr' id='par_1_1' title="bbox 459 466 529 534">
     <span class='ocr_line' id='line_1_1' title="bbox 459 466 529 534; baseline 0 0"><span class='ocrx_word' id='word_1_1' title='bbox 459 466 529 534; x_wconf 83' lang='lat'><strong>98</strong></span> 
     </span>
    </p>
   </div>
   <div class='ocr_carea' id='block_1_2' title="bbox 2117 551 2283 558">
    <p class='ocr_par' dir='ltr' id='par_1_2' title="bbox 2117 551 2283 558">
     <span class='ocr_line' id='line_1_2' title="bbox 2117 551 2283 558; baseline 0 3582"><span class='ocrx_word' id='word_1_2' title='bbox 2117 551 2283 558; x_wconf 95' lang='lat' dir='ltr'><strong> </strong></span> 
     </span>
    </p>
   </div>
   <div class='ocr_carea' id='block_1_3' title="bbox 451 617 2287 2347">
    <p class='ocr_par' dir='ltr' id='par_1_3' title="bbox 451 617 2287 2347">
     <span class='ocr_line' id='line_1_3' title="bbox 462 617 2286 676; baseline -0.001 -12"><span class='ocrx_word' id='word_1_3' title='bbox 462 619 658 676; x_wconf 88' lang='lat' dir='ltr'><strong>quidam</strong></span> <span class='ocrx_word' id='word_1_4' title='bbox 678 632 779 663; x_wconf 89' lang='lat' dir='ltr'><strong>non</strong></span> <span class='ocrx_word' id='word_1_5' title='bbox 800 621 867 662; x_wconf 89' lang='lat' dir='ltr'><strong>ita</strong></span> <span class='ocrx_word' id='word_1_6' title='bbox 890 617 1160 662; x_wconf 72' lang='lat' dir='ltr'>verecundi</span> <span class='ocrx_word' id='word_1_7' title='bbox 1183 621 1326 661; x_wconf 87' lang='lat' dir='ltr'><strong>istum</strong></span> <span class='ocrx_word' id='word_1_8' title='bbox 1354 621 1405 662; x_wconf 92' lang='lat' dir='ltr'><strong>in</strong></span> <span class='ocrx_word' id='word_1_9' title='bbox 1425 617 1636 663; x_wconf 89' lang='lat' dir='ltr'><strong>modum.</strong></span> <span class='ocrx_word' id='word_1_10' title='bbox 1671 617 1805 676; x_wconf 76' lang='lat' dir='ltr'><strong>Quid</strong></span> <span class='ocrx_word' id='word_1_11' title='bbox 1834 632 1963 674; x_wconf 90' lang='lat' dir='ltr'><strong>opus</strong></span> <span class='ocrx_word' id='word_1_12' title='bbox 1993 618 2034 664; x_wconf 93' lang='lat' dir='ltr'>C</span> <span class='ocrx_word' id='word_1_13' title='bbox 2053 642 2110 650; x_wconf 93' lang='lat'><strong>—-</strong></span> <span class='ocrx_word' id='word_1_14' title='bbox 2140 624 2286 673; x_wconf 81' lang='grc'><strong>2274</strong></span> 
     </span>
     <span class='ocr_line' id='line_1_4' title="bbox 462 680 2284 748; baseline 0.001 -15"><span class='ocrx_word' id='word_1_15' title='bbox 462 689 612 748; x_wconf 72' lang='lat' dir='ltr'><strong>Quid]</strong></span> <span class='ocrx_word' id='word_1_16' title='bbox 642 689 752 732; x_wconf 89' lang='lat' dir='ltr'><strong>deest</strong></span> <span class='ocrx_word' id='word_1_17' title='bbox 780 686 821 732; x_wconf 93' lang='lat' dir='ltr'>C</span> <span class='ocrx_word' id='word_1_18' title='bbox 849 711 903 717; x_wconf 86' lang='lat'>—</span> <span class='ocrx_word' id='word_1_19' title='bbox 934 692 1077 728; x_wconf 90' lang='grc'><strong>2276</strong></span> <span class='ocrx_word' id='word_1_20' title='bbox 1107 686 1294 743; x_wconf 89' lang='lat' dir='ltr'><strong>morsu]</strong></span> <span class='ocrx_word' id='word_1_21' title='bbox 1326 686 1366 732; x_wconf 89' lang='lat' dir='ltr'>C</span> <span class='ocrx_word' id='word_1_22' title='bbox 1389 687 1497 731; x_wconf 87' lang='lat' dir='ltr'><strong>adds</strong></span> <span class='ocrx_word' id='word_1_23' title='bbox 1518 687 1805 732; x_wconf 84' lang='lat' dir='ltr'>Istiusmodi</span> <span class='ocrx_word' id='word_1_24' title='bbox 1826 694 1987 732; x_wconf 85' lang='lat' dir='ltr'><strong>autem</strong></span> <span class='ocrx_word' id='word_1_25' title='bbox 2015 703 2109 734; x_wconf 89' lang='lat' dir='ltr'><strong>nos</strong></span> <span class='ocrx_word' id='word_1_26' title='bbox 2138 680 2284 734; x_wconf 89' lang='lat' dir='ltr'><strong>vicis-</strong></span> 
     </span>
     <span class='ocr_line' id='line_1_5' title="bbox 462 757 2285 815; baseline 0 -12"><span class='ocrx_word' id='word_1_27' title='bbox 462 762 555 803; x_wconf 87' lang='lat' dir='ltr'><strong>sim</strong></span> <span class='ocrx_word' id='word_1_28' title='bbox 579 771 589 800; x_wconf 90' lang='lat'>:</span> <span class='ocrx_word' id='word_1_29' title='bbox 615 758 876 802; x_wconf 89' lang='lat' dir='ltr'><strong>Hanccine</strong></span> <span class='ocrx_word' id='word_1_30' title='bbox 894 762 1097 814; x_wconf 91' lang='lat' dir='ltr'><strong>propter</strong></span> <span class='ocrx_word' id='word_1_31' title='bbox 1113 763 1285 802; x_wconf 90' lang='lat' dir='ltr'><strong>nostra</strong></span> <span class='ocrx_word' id='word_1_32' title='bbox 1302 771 1494 801; x_wconf 92' lang='lat' dir='ltr'><strong>summa</strong></span> <span class='ocrx_word' id='word_1_33' title='bbox 1510 760 1559 801; x_wconf 88' lang='lat' dir='ltr'><strong>in</strong></span> <span class='ocrx_word' id='word_1_34' title='bbox 1576 771 1668 802; x_wconf 86' lang='lat' dir='ltr'><strong>vos</strong></span> <span class='ocrx_word' id='word_1_35' title='bbox 1684 761 1858 802; x_wconf 90' lang='lat' dir='ltr'><strong>merita</strong></span> <span class='ocrx_word' id='word_1_36' title='bbox 1873 757 2067 802; x_wconf 87' lang='lat' dir='ltr'><strong>refertis</strong></span> <span class='ocrx_word' id='word_1_37' title='bbox 2083 758 2285 815; x_wconf 82' lang='lat' dir='ltr'><strong>indigne</strong></span> 
     </span>
     <span class='ocr_line' id='line_1_6' title="bbox 459 826 2285 884; baseline 0.001 -12"><span class='ocrx_word' id='word_1_38' title='bbox 459 830 706 884; x_wconf 83' lang='lat' dir='ltr'>gratiam?</span> <span class='ocrx_word' id='word_1_39' title='bbox 736 851 794 857; x_wconf 92' lang='lat'><strong>—-</strong></span> <span class='ocrx_word' id='word_1_40' title='bbox 826 832 1137 868; x_wconf 82' lang='grc'><strong>2276·2277</strong></span> <span class='ocrx_word' id='word_1_41' title='bbox 1169 827 1574 884; x_wconf 82' lang='lat' dir='ltr'><strong>percommode...</strong></span> <span class='ocrx_word' id='word_1_42' title='bbox 1606 826 1723 882; x_wconf 87' lang='lat' dir='ltr'><strong>mej]</strong></span> <span class='ocrx_word' id='word_1_43' title='bbox 1754 827 1901 870; x_wconf 91' lang='lat' dir='ltr'><strong>huius</strong></span> <span class='ocrx_word' id='word_1_44' title='bbox 1933 828 2285 882; x_wconf 85' lang='lat' dir='ltr'><strong>percommode</strong></span> 
     </span>
     <span class='ocr_line' id='line_1_7' title="bbox 460 886 2287 953; baseline 0.001 -13"><span class='ocrx_word' id='word_1_45' title='bbox 460 897 724 953; x_wconf 88' lang='lat' dir='ltr'><strong>puerulum</strong></span> <span class='ocrx_word' id='word_1_46' title='bbox 759 886 884 941; x_wconf 86' lang='lat' dir='ltr'><strong>C&#39;—</strong></span> <span class='ocrx_word' id='word_1_47' title='bbox 913 902 1059 937; x_wconf 88' lang='grc'><strong>2278</strong></span> <span class='ocrx_word' id='word_1_48' title='bbox 1093 896 1238 952; x_wconf 89' lang='lat' dir='ltr'><strong>istuc]</strong></span> <span class='ocrx_word' id='word_1_49' title='bbox 1269 897 1415 940; x_wconf 86' lang='lat' dir='ltr'><strong>isthic</strong></span> <span class='ocrx_word' id='word_1_50' title='bbox 1447 896 1488 941; x_wconf 90' lang='lat' dir='ltr'>C</span> <span class='ocrx_word' id='word_1_51' title='bbox 1516 920 1571 926; x_wconf 91' lang='lat'>—</span> <span class='ocrx_word' id='word_1_52' title='bbox 1599 901 1743 937; x_wconf 91' lang='grc'><strong>2279</strong></span> <span class='ocrx_word' id='word_1_53' title='bbox 1776 896 1948 952; x_wconf 89' lang='lat' dir='ltr'><strong>Miror]</strong></span> <span class='ocrx_word' id='word_1_54' title='bbox 1981 897 2136 941; x_wconf 81' lang='lat' dir='ltr'><strong>Miror</strong></span> <span class='ocrx_word' id='word_1_55' title='bbox 2164 898 2287 942; x_wconf 88' lang='lat' dir='ltr'><strong>mul-</strong></span> 
     </span>
     <span class='ocr_line' id='line_1_8' title="bbox 459 964 2286 1023; baseline 0.001 -13"><span class='ocrx_word' id='word_1_56' title='bbox 459 973 563 1011; x_wconf 91' lang='lat' dir='ltr'><strong>tum</strong></span> <span class='ocrx_word' id='word_1_57' title='bbox 585 965 626 1011; x_wconf 93' lang='lat' dir='ltr'>C</span> <span class='ocrx_word' id='word_1_58' title='bbox 645 990 701 996; x_wconf 91' lang='lat'><strong>—-</strong></span> <span class='ocrx_word' id='word_1_59' title='bbox 721 971 865 1007; x_wconf 90' lang='grc'><strong>2280</strong></span> <span class='ocrx_word' id='word_1_60' title='bbox 886 965 1118 1021; x_wconf 90' lang='lat' dir='ltr'><strong>nuncius]</strong></span> <span class='ocrx_word' id='word_1_61' title='bbox 1139 969 1343 1009; x_wconf 91' lang='lat' dir='ltr'><strong>nuntius</strong></span> <span class='ocrx_word' id='word_1_62' title='bbox 1365 965 1406 1010; x_wconf 92' lang='lat' dir='ltr'>C</span> <span class='ocrx_word' id='word_1_63' title='bbox 1425 989 1481 995; x_wconf 90' lang='lat'><strong>—-</strong></span> <span class='ocrx_word' id='word_1_64' title='bbox 1506 971 1651 1006; x_wconf 89' lang='grc'><strong>2282</strong></span> <span class='ocrx_word' id='word_1_65' title='bbox 1682 964 1996 1022; x_wconf 83' lang='lat' dir='ltr'><strong>profundam]</strong></span> <span class='ocrx_word' id='word_1_66' title='bbox 2027 966 2224 1023; x_wconf 87' lang='lat' dir='ltr'><strong>profudi</strong></span> <span class='ocrx_word' id='word_1_67' title='bbox 2245 966 2286 1013; x_wconf 94' lang='lat' dir='ltr'>C</span> 
     </span>
     <span class='ocr_line' id='line_1_9' title="bbox 460 1034 2287 1092; baseline 0.002 -14"><span class='ocrx_word' id='word_1_68' title='bbox 460 1060 515 1068; x_wconf 92' lang='lat'><strong>—-</strong></span> <span class='ocrx_word' id='word_1_69' title='bbox 549 1041 697 1078; x_wconf 88' lang='grc'><strong>2285</strong></span> <span class='ocrx_word' id='word_1_70' title='bbox 730 1034 877 1090; x_wconf 91' lang='lat' dir='ltr'><strong>dolis]</strong></span> <span class='ocrx_word' id='word_1_71' title='bbox 909 1035 1097 1079; x_wconf 86' lang='lat' dir='ltr'><strong>artibus</strong></span> <span class='ocrx_word' id='word_1_72' title='bbox 1130 1035 1450 1091; x_wconf 86' lang='lat' dir='ltr'><strong>simulatorijs</strong></span> <span class='ocrx_word' id='word_1_73' title='bbox 1482 1034 1538 1080; x_wconf 92' lang='lat' dir='ltr'><strong>C.</strong></span> <span class='ocrx_word' id='word_1_74' title='bbox 1569 1059 1626 1065; x_wconf 93' lang='lat'>—</span> <span class='ocrx_word' id='word_1_75' title='bbox 1654 1041 1798 1077; x_wconf 93' lang='grc'><strong>2289</strong></span> <span class='ocrx_word' id='word_1_76' title='bbox 1819 1039 1999 1080; x_wconf 89' lang='lat' dir='ltr'><strong>istuc...</strong></span> <span class='ocrx_word' id='word_1_77' title='bbox 2022 1035 2139 1092; x_wconf 88' lang='lat' dir='ltr'><strong>illis]</strong></span> <span class='ocrx_word' id='word_1_78' title='bbox 2161 1039 2287 1082; x_wconf 87' lang='lat' dir='ltr'><strong>istac</strong></span> 
     </span>
     <span class='ocr_line' id='line_1_10' title="bbox 461 1104 2284 1164; baseline -0.002 -14"><span class='ocrx_word' id='word_1_79' title='bbox 461 1110 583 1164; x_wconf 90' lang='lat' dir='ltr'><strong>quin</strong></span> <span class='ocrx_word' id='word_1_80' title='bbox 603 1109 697 1150; x_wconf 92' lang='lat' dir='ltr'><strong>iste</strong></span> <span class='ocrx_word' id='word_1_81' title='bbox 718 1120 786 1149; x_wconf 89' lang='lat' dir='ltr'><strong>nu</strong></span> <span class='ocrx_word' id='word_1_82' title='bbox 807 1120 923 1149; x_wconf 91' lang='lat' dir='ltr'><strong>nam</strong></span> <span class='ocrx_word' id='word_1_83' title='bbox 953 1104 1038 1160; x_wconf 84' lang='lat' dir='ltr'><strong>[the</strong></span> <span class='ocrx_word' id='word_1_84' title='bbox 1067 1108 1144 1149; x_wconf 77' lang='lat' dir='ltr'><strong>two</strong></span> <span class='ocrx_word' id='word_1_85' title='bbox 1173 1106 1298 1149; x_wconf 75' lang='lat' dir='ltr'><strong>latter</strong></span> <span class='ocrx_word' id='word_1_86' title='bbox 1326 1105 1465 1149; x_wconf 76' lang='lat' dir='ltr'><strong>words</strong></span> <span class='ocrx_word' id='word_1_87' title='bbox 1494 1108 1566 1149; x_wconf 88' lang='lat' dir='ltr'><strong>not</strong></span> <span class='ocrx_word' id='word_1_88' title='bbox 1584 1105 1714 1161; x_wconf 77' lang='lat' dir='ltr'><strong>clear]</strong></span> <span class='ocrx_word' id='word_1_89' title='bbox 1744 1109 1796 1149; x_wconf 94' lang='lat' dir='ltr'><strong>in</strong></span> <span class='ocrx_word' id='word_1_90' title='bbox 1825 1106 1985 1150; x_wconf 90' lang='lat' dir='ltr'><strong>illisce</strong></span> <span class='ocrx_word' id='word_1_91' title='bbox 2007 1104 2047 1151; x_wconf 94' lang='lat' dir='ltr'>C</span> <span class='ocrx_word' id='word_1_92' title='bbox 2066 1128 2122 1136; x_wconf 91' lang='lat'><strong>-——</strong></span> <span class='ocrx_word' id='word_1_93' title='bbox 2142 1111 2284 1147; x_wconf 93' lang='grc'><strong>2295</strong></span> 
     </span>
     <span class='ocr_line' id='line_1_11' title="bbox 460 1174 2285 1234; baseline -0.001 -13"><span class='ocrx_word' id='word_1_94' title='bbox 460 1174 849 1234; x_wconf 91' lang='lat' dir='ltr'><strong>quodammodo]</strong></span> <span class='ocrx_word' id='word_1_95' title='bbox 887 1175 1256 1230; x_wconf 89' lang='lat' dir='ltr'><strong>quodammado</strong></span> <span class='ocrx_word' id='word_1_96' title='bbox 1293 1175 1334 1220; x_wconf 91' lang='lat' dir='ltr'>P</span> <span class='ocrx_word' id='word_1_97' title='bbox 1363 1198 1419 1205; x_wconf 90' lang='lat'>—</span> <span class='ocrx_word' id='word_1_98' title='bbox 1439 1179 1748 1216; x_wconf 90' lang='grc'><strong>2295-2296</strong></span> <span class='ocrx_word' id='word_1_99' title='bbox 1779 1189 1891 1219; x_wconf 89' lang='lat' dir='ltr'><strong>esse</strong></span> <span class='ocrx_word' id='word_1_100' title='bbox 1913 1174 1998 1231; x_wconf 80' lang='lat' dir='ltr'><strong>te‚]</strong></span> <span class='ocrx_word' id='word_1_101' title='bbox 2021 1190 2150 1229; x_wconf 89' lang='lat' dir='ltr'><strong>esse,</strong></span> <span class='ocrx_word' id='word_1_102' title='bbox 2172 1181 2221 1219; x_wconf 90' lang='lat' dir='ltr'><strong>te</strong></span> <span class='ocrx_word' id='word_1_103' title='bbox 2244 1176 2285 1220; x_wconf 91' lang='lat' dir='ltr'>P</span> 
     </span>
     <span class='ocr_line' id='line_1_12' title="bbox 456 1244 2287 1301; baseline 0.002 -14"><span class='ocrx_word' id='word_1_104' title='bbox 456 1270 514 1278; x_wconf 89' lang='lat'><strong>—-</strong></span> <span class='ocrx_word' id='word_1_105' title='bbox 533 1251 677 1287; x_wconf 92' lang='grc'><strong>2297</strong></span> <span class='ocrx_word' id='word_1_106' title='bbox 699 1247 862 1297; x_wconf 88' lang='lat' dir='ltr'><strong>(nisi...</strong></span> <span class='ocrx_word' id='word_1_107' title='bbox 888 1245 1143 1300; x_wconf 73' lang='lat' dir='ltr'><strong>Oppidanns</strong></span> <span class='ocrx_word' id='word_1_108' title='bbox 1163 1244 1195 1301; x_wconf 84' lang='lat'><strong>)]</strong></span> <span class='ocrx_word' id='word_1_109' title='bbox 1217 1245 1368 1289; x_wconf 80' lang='lat' dir='ltr'><strong>desunt</strong></span> <span class='ocrx_word' id='word_1_110' title='bbox 1386 1244 1427 1290; x_wconf 96' lang='lat' dir='ltr'>C</span> <span class='ocrx_word' id='word_1_111' title='bbox 1456 1268 1511 1275; x_wconf 89' lang='lat'><em>-</em></span> <span class='ocrx_word' id='word_1_112' title='bbox 1539 1259 1704 1301; x_wconf 89' lang='lat' dir='ltr'><strong>neque</strong></span> <span class='ocrx_word' id='word_1_113' title='bbox 1725 1244 1864 1300; x_wconf 87' lang='lat' dir='ltr'><strong>vero]</strong></span> <span class='ocrx_word' id='word_1_114' title='bbox 1885 1259 1979 1289; x_wconf 90' lang='lat' dir='ltr'><strong>nec</strong></span> <span class='ocrx_word' id='word_1_115' title='bbox 2002 1248 2152 1290; x_wconf 83' lang='lat' dir='ltr'><strong>etiam</strong></span> <span class='ocrx_word' id='word_1_116' title='bbox 2171 1244 2213 1291; x_wconf 93' lang='lat' dir='ltr'>C</span> <span class='ocrx_word' id='word_1_117' title='bbox 2232 1269 2287 1275; x_wconf 93' lang='grc'><strong>--</strong></span> 
     </span>
     <span class='ocr_line' id='line_1_13' title="bbox 458 1314 2286 1371; baseline 0.001 -13"><span class='ocrx_word' id='word_1_118' title='bbox 458 1321 771 1358; x_wconf 89' lang='grc'><strong>2299-2300</strong></span> <span class='ocrx_word' id='word_1_119' title='bbox 788 1315 1074 1369; x_wconf 84' lang='lat' dir='ltr'><strong>diligentius</strong></span> <span class='ocrx_word' id='word_1_120' title='bbox 1091 1314 1262 1370; x_wconf 92' lang='lat' dir='ltr'><strong>paulo]</strong></span> <span class='ocrx_word' id='word_1_121' title='bbox 1281 1315 1549 1371; x_wconf 86' lang='lat' dir='ltr'><strong>dilgentius</strong></span> <span class='ocrx_word' id='word_1_122' title='bbox 1566 1315 1720 1370; x_wconf 93' lang='lat' dir='ltr'><strong>paulo</strong></span> <span class='ocrx_word' id='word_1_123' title='bbox 1742 1315 1783 1360; x_wconf 90' lang='lat' dir='ltr'>P</span> <span class='ocrx_word' id='word_1_124' title='bbox 1799 1331 1810 1369; x_wconf 90' lang='lat'>;</span> <span class='ocrx_word' id='word_1_125' title='bbox 1829 1315 1983 1370; x_wconf 90' lang='lat' dir='ltr'><strong>paulo</strong></span> <span class='ocrx_word' id='word_1_126' title='bbox 2000 1315 2286 1371; x_wconf 87' lang='lat' dir='ltr'><strong>diligentius</strong></span> 
     </span>
     <span class='ocr_line' id='line_1_14' title="bbox 458 1384 2284 1442; baseline 0.001 -13"><span class='ocrx_word' id='word_1_127' title='bbox 458 1386 513 1432; x_wconf 88' lang='lat' dir='ltr'><strong>C.</strong></span> <span class='ocrx_word' id='word_1_128' title='bbox 536 1410 591 1416; x_wconf 97' lang='lat'>—</span> <span class='ocrx_word' id='word_1_129' title='bbox 610 1390 753 1426; x_wconf 90' lang='grc'><strong>2301</strong></span> <span class='ocrx_word' id='word_1_130' title='bbox 777 1390 1008 1429; x_wconf 89' lang='lat' dir='ltr'><strong>ocreatus</strong></span> <span class='ocrx_word' id='word_1_131' title='bbox 1030 1398 1131 1428; x_wconf 90' lang='lat' dir='ltr'><strong>non</strong></span> <span class='ocrx_word' id='word_1_132' title='bbox 1153 1384 1225 1440; x_wconf 90' lang='lat' dir='ltr'><strong>es]</strong></span> <span class='ocrx_word' id='word_1_133' title='bbox 1248 1390 1496 1429; x_wconf 85' lang='lat' dir='ltr'><strong>ocreatum</strong></span> <span class='ocrx_word' id='word_1_134' title='bbox 1519 1398 1633 1429; x_wconf 89' lang='lat' dir='ltr'><strong>esse</strong></span> <span class='ocrx_word' id='word_1_135' title='bbox 1656 1390 1731 1429; x_wconf 90' lang='lat' dir='ltr'><strong>est</strong></span> <span class='ocrx_word' id='word_1_136' title='bbox 1750 1384 1951 1429; x_wconf 89' lang='lat' dir='ltr'><strong>habitus</strong></span> <span class='ocrx_word' id='word_1_137' title='bbox 1973 1388 2223 1442; x_wconf 91' lang='lat' dir='ltr'><strong>peregrini</strong></span> <span class='ocrx_word' id='word_1_138' title='bbox 2244 1384 2284 1431; x_wconf 93' lang='lat' dir='ltr'>C</span> 
     </span>
     <span class='ocr_line' id='line_1_15' title="bbox 451 1453 2285 1509; baseline 0.002 -12"><span class='ocrx_word' id='word_1_139' title='bbox 451 1481 511 1489; x_wconf 85' lang='lat'><strong>-—-</strong></span> <span class='ocrx_word' id='word_1_140' title='bbox 540 1461 685 1497; x_wconf 93' lang='grc'><strong>2302</strong></span> <span class='ocrx_word' id='word_1_141' title='bbox 716 1453 1008 1509; x_wconf 84' lang='lat' dir='ltr'><strong>clarissime]</strong></span> <span class='ocrx_word' id='word_1_142' title='bbox 1040 1454 1331 1499; x_wconf 82' lang='lat' dir='ltr'><strong>charissime</strong></span> <span class='ocrx_word' id='word_1_143' title='bbox 1364 1453 1404 1499; x_wconf 93' lang='lat' dir='ltr'>C</span> <span class='ocrx_word' id='word_1_144' title='bbox 1423 1478 1479 1483; x_wconf 90' lang='lat'>—</span> <span class='ocrx_word' id='word_1_145' title='bbox 1498 1453 1693 1509; x_wconf 87' lang='lat' dir='ltr'><strong>doctos]</strong></span> <span class='ocrx_word' id='word_1_146' title='bbox 1724 1453 1765 1499; x_wconf 94' lang='lat' dir='ltr'>C</span> <span class='ocrx_word' id='word_1_147' title='bbox 1794 1454 1901 1498; x_wconf 86' lang='lat' dir='ltr'><strong>adds</strong></span> <span class='ocrx_word' id='word_1_148' title='bbox 1925 1469 1934 1499; x_wconf 92' lang='lat'>:</span> <span class='ocrx_word' id='word_1_149' title='bbox 1958 1457 2148 1499; x_wconf 90' lang='lat' dir='ltr'><strong>amicos</strong></span> <span class='ocrx_word' id='word_1_150' title='bbox 2168 1469 2285 1500; x_wconf 89' lang='lat' dir='ltr'><strong>nos-</strong></span> 
     </span>
     <span class='ocr_line' id='line_1_16' title="bbox 455 1523 2284 1581; baseline -0.001 -10"><span class='ocrx_word' id='word_1_151' title='bbox 455 1532 560 1571; x_wconf 87' lang='lat' dir='ltr'><strong>tros</strong></span> <span class='ocrx_word' id='word_1_152' title='bbox 595 1549 650 1556; x_wconf 92' lang='lat'><em>-</em></span> <span class='ocrx_word' id='word_1_153' title='bbox 683 1530 827 1566; x_wconf 87' lang='grc'><strong>2303</strong></span> <span class='ocrx_word' id='word_1_154' title='bbox 864 1523 937 1579; x_wconf 91' lang='lat' dir='ltr'><strong>es]</strong></span> <span class='ocrx_word' id='word_1_155' title='bbox 972 1524 1176 1568; x_wconf 89' lang='lat' dir='ltr'><strong>tandem</strong></span> <span class='ocrx_word' id='word_1_156' title='bbox 1212 1538 1265 1568; x_wconf 92' lang='lat' dir='ltr'><strong>es</strong></span> <span class='ocrx_word' id='word_1_157' title='bbox 1302 1523 1343 1569; x_wconf 91' lang='lat' dir='ltr'>C</span> <span class='ocrx_word' id='word_1_158' title='bbox 1372 1547 1426 1554; x_wconf 88' lang='lat'>—</span> <span class='ocrx_word' id='word_1_159' title='bbox 1455 1528 1770 1565; x_wconf 90' lang='grc'><strong>2304-2305</strong></span> <span class='ocrx_word' id='word_1_160' title='bbox 1794 1524 2096 1568; x_wconf 89' lang='lat' dir='ltr'><strong>Volumen...</strong></span> <span class='ocrx_word' id='word_1_161' title='bbox 2121 1525 2284 1581; x_wconf 91' lang='lat' dir='ltr'><strong>pretij]</strong></span> 
     </span>
     <span class='ocr_line' id='line_1_17' title="bbox 458 1592 2284 1650; baseline -0.001 -10"><span class='ocrx_word' id='word_1_162' title='bbox 458 1597 608 1641; x_wconf 82' lang='lat' dir='ltr'><strong>desunt</strong></span> <span class='ocrx_word' id='word_1_163' title='bbox 628 1594 668 1641; x_wconf 93' lang='lat' dir='ltr'>C</span> <span class='ocrx_word' id='word_1_164' title='bbox 687 1619 742 1624; x_wconf 92' lang='lat'><strong>—</strong></span> <span class='ocrx_word' id='word_1_165' title='bbox 758 1599 1074 1636; x_wconf 91' lang='grc'><strong>2307-2308</strong></span> <span class='ocrx_word' id='word_1_166' title='bbox 1093 1594 1327 1639; x_wconf 86' lang='lat' dir='ltr'><strong>Adhuc...</strong></span> <span class='ocrx_word' id='word_1_167' title='bbox 1347 1592 1582 1649; x_wconf 89' lang='lat' dir='ltr'><strong>solutum]</strong></span> <span class='ocrx_word' id='word_1_168' title='bbox 1600 1594 1752 1637; x_wconf 83' lang='lat' dir='ltr'><strong>desunt</strong></span> <span class='ocrx_word' id='word_1_169' title='bbox 1766 1592 1807 1638; x_wconf 95' lang='lat' dir='ltr'>C</span> <span class='ocrx_word' id='word_1_170' title='bbox 1821 1618 1877 1623; x_wconf 88' lang='lat'><strong>——</strong></span> <span class='ocrx_word' id='word_1_171' title='bbox 1892 1599 2036 1635; x_wconf 90' lang='grc'><strong>2309</strong></span> <span class='ocrx_word' id='word_1_172' title='bbox 2053 1593 2284 1650; x_wconf 89' lang='lat' dir='ltr'><strong>Videon’]</strong></span> 
     </span>
     <span class='ocr_line' id='line_1_18' title="bbox 455 1662 2281 1720; baseline -0.002 -10"><span class='ocrx_word' id='word_1_173' title='bbox 455 1665 670 1719; x_wconf 81' lang='lat' dir='ltr'><strong>Videon,</strong></span> <span class='ocrx_word' id='word_1_174' title='bbox 696 1666 736 1710; x_wconf 90' lang='lat' dir='ltr'>P</span> <span class='ocrx_word' id='word_1_175' title='bbox 759 1688 813 1695; x_wconf 95' lang='lat'>—</span> <span class='ocrx_word' id='word_1_176' title='bbox 834 1669 978 1706; x_wconf 90' lang='grc'><strong>2311</strong></span> <span class='ocrx_word' id='word_1_177' title='bbox 1006 1667 1192 1720; x_wconf 90' lang='lat' dir='ltr'><strong>quique</strong></span> <span class='ocrx_word' id='word_1_178' title='bbox 1214 1663 1431 1719; x_wconf 83' lang='lat' dir='ltr'><strong>fuerunt]</strong></span> <span class='ocrx_word' id='word_1_179' title='bbox 1456 1664 1607 1707; x_wconf 79' lang='lat' dir='ltr'><strong>desunt</strong></span> <span class='ocrx_word' id='word_1_180' title='bbox 1625 1662 1666 1708; x_wconf 94' lang='lat' dir='ltr'>C</span> <span class='ocrx_word' id='word_1_181' title='bbox 1694 1687 1750 1693; x_wconf 93' lang='lat'><strong>—</strong></span> <span class='ocrx_word' id='word_1_182' title='bbox 1774 1668 2083 1705; x_wconf 87' lang='grc'><strong>2313-2314</strong></span> <span class='ocrx_word' id='word_1_183' title='bbox 2114 1664 2281 1717; x_wconf 90' lang='lat' dir='ltr'><strong>(nisi...</strong></span> 
     </span>
     <span class='ocr_line' id='line_1_19' title="bbox 457 1730 2281 1790; baseline -0.003 -10"><span class='ocrx_word' id='word_1_184' title='bbox 457 1734 735 1790; x_wconf 89' lang='lat' dir='ltr'><strong>debentes)]</strong></span> <span class='ocrx_word' id='word_1_185' title='bbox 771 1734 927 1778; x_wconf 92' lang='lat' dir='ltr'><strong>multo</strong></span> <span class='ocrx_word' id='word_1_186' title='bbox 961 1737 1124 1778; x_wconf 91' lang='lat' dir='ltr'><strong>minus</strong></span> <span class='ocrx_word' id='word_1_187' title='bbox 1159 1734 1371 1778; x_wconf 88' lang='lat' dir='ltr'><strong>fidentes</strong></span> <span class='ocrx_word' id='word_1_188' title='bbox 1407 1733 1495 1777; x_wconf 92' lang='lat' dir='ltr'><strong>tibi</strong></span> <span class='ocrx_word' id='word_1_189' title='bbox 1532 1732 1572 1778; x_wconf 94' lang='lat' dir='ltr'>C</span> <span class='ocrx_word' id='word_1_190' title='bbox 1605 1757 1661 1763; x_wconf 91' lang='lat'><strong>-—</strong></span> <span class='ocrx_word' id='word_1_191' title='bbox 1694 1730 1839 1774; x_wconf 87' lang='grc'><strong>2314</strong></span> <span class='ocrx_word' id='word_1_192' title='bbox 1874 1732 2023 1789; x_wconf 89' lang='lat' dir='ltr'><strong>serio]</strong></span> <span class='ocrx_word' id='word_1_193' title='bbox 2064 1733 2105 1779; x_wconf 95' lang='lat' dir='ltr'>C</span> <span class='ocrx_word' id='word_1_194' title='bbox 2139 1734 2281 1777; x_wconf 87' lang='lat' dir='ltr'><strong>adds:</strong></span> 
     </span>
     <span class='ocr_line' id='line_1_20' title="bbox 457 1802 2285 1862; baseline -0.001 -13"><span class='ocrx_word' id='word_1_195' title='bbox 457 1805 697 1862; x_wconf 85' lang='lat' dir='ltr'><strong>siquidem</strong></span> <span class='ocrx_word' id='word_1_196' title='bbox 737 1818 1052 1858; x_wconf 87' lang='lat' dir='ltr'><strong>summopere</strong></span> <span class='ocrx_word' id='word_1_197' title='bbox 1097 1803 1148 1847; x_wconf 92' lang='lat' dir='ltr'><strong>id</strong></span> <span class='ocrx_word' id='word_1_198' title='bbox 1189 1806 1316 1847; x_wconf 89' lang='lat' dir='ltr'><strong>scire</strong></span> <span class='ocrx_word' id='word_1_199' title='bbox 1357 1806 1506 1858; x_wconf 90' lang='lat' dir='ltr'><strong>cupio</strong></span> <span class='ocrx_word' id='word_1_200' title='bbox 1548 1826 1605 1832; x_wconf 86' lang='lat'><em>-</em></span> <span class='ocrx_word' id='word_1_201' title='bbox 1647 1802 1986 1859; x_wconf 88' lang='grc'><strong>2316-2319]</strong></span> <span class='ocrx_word' id='word_1_202' title='bbox 2032 1803 2165 1847; x_wconf 81' lang='lat' dir='ltr'><strong>These</strong></span> <span class='ocrx_word' id='word_1_203' title='bbox 2209 1806 2285 1847; x_wconf 71' lang='lat' dir='ltr'><strong>two</strong></span> 
     </span>
     <span class='ocr_line' id='line_1_21' title="bbox 454 1871 2283 1931; baseline -0.002 -11"><span class='ocrx_word' id='word_1_204' title='bbox 454 1876 643 1931; x_wconf 71' lang='lat' dir='ltr'><strong>speeches</strong></span> <span class='ocrx_word' id='word_1_205' title='bbox 675 1888 751 1918; x_wconf 71' lang='lat' dir='ltr'><strong>are</strong></span> <span class='ocrx_word' id='word_1_206' title='bbox 785 1876 977 1929; x_wconf 79' lang='lat' dir='ltr'><strong>wanting</strong></span> <span class='ocrx_word' id='word_1_207' title='bbox 1010 1876 1056 1917; x_wconf 81' lang='lat' dir='ltr'><strong>in</strong></span> <span class='ocrx_word' id='word_1_208' title='bbox 1086 1871 1127 1918; x_wconf 94' lang='lat' dir='ltr'>C</span> <span class='ocrx_word' id='word_1_209' title='bbox 1154 1897 1210 1903; x_wconf 91' lang='lat'><strong>--</strong></span> <span class='ocrx_word' id='word_1_210' title='bbox 1238 1877 1550 1914; x_wconf 90' lang='grc'><strong>2320-2321</strong></span> <span class='ocrx_word' id='word_1_211' title='bbox 1585 1872 1840 1918; x_wconf 90' lang='lat' dir='ltr'><strong>Vtinam...</strong></span> <span class='ocrx_word' id='word_1_212' title='bbox 1874 1872 2048 1931; x_wconf 93' lang='lat' dir='ltr'><strong>probe]</strong></span> <span class='ocrx_word' id='word_1_213' title='bbox 2082 1873 2283 1917; x_wconf 70' lang='lat' dir='ltr'><strong>Vtinam</strong></span> 
     </span>
     <span class='ocr_line' id='line_1_22' title="bbox 456 1942 2284 1998; baseline -0.002 -8"><span class='ocrx_word' id='word_1_214' title='bbox 456 1945 672 1998; x_wconf 81' lang='lat' dir='ltr'><strong>adesset,</strong></span> <span class='ocrx_word' id='word_1_215' title='bbox 710 1949 758 1988; x_wconf 92' lang='lat' dir='ltr'><strong>te</strong></span> <span class='ocrx_word' id='word_1_216' title='bbox 794 1946 1089 1998; x_wconf 81' lang='lat' dir='ltr'><strong>castigaret3</strong></span> <span class='ocrx_word' id='word_1_217' title='bbox 1127 1948 1212 1987; x_wconf 92' lang='lat' dir='ltr'><strong>aut</strong></span> <span class='ocrx_word' id='word_1_218' title='bbox 1246 1946 1305 1986; x_wconf 83' lang='lat' dir='ltr'><strong>etc</strong></span> <span class='ocrx_word' id='word_1_219' title='bbox 1340 1942 1397 1986; x_wconf 90' lang='grc' dir='ltr'><strong>Ρ.</strong></span> <span class='ocrx_word' id='word_1_220' title='bbox 1428 1966 1484 1971; x_wconf 93' lang='grc'><strong>-</strong></span> <span class='ocrx_word' id='word_1_221' title='bbox 1515 1942 1648 1986; x_wconf 92' lang='lat' dir='ltr'><strong>Men&#39;</strong></span> <span class='ocrx_word' id='word_1_222' title='bbox 1669 1956 1834 1996; x_wconf 82' lang='lat' dir='ltr'><strong>rogas,</strong></span> <span class='ocrx_word' id='word_1_223' title='bbox 1858 1945 2047 1986; x_wconf 90' lang='lat' dir='ltr'><strong>utinam</strong></span> <span class='ocrx_word' id='word_1_224' title='bbox 2082 1942 2284 1987; x_wconf 87' lang='lat' dir='ltr'><strong>adesset</strong></span> 
     </span>
     <span class='ocr_line' id='line_1_23' title="bbox 456 2011 2284 2068; baseline -0.001 -9"><span class='ocrx_word' id='word_1_225' title='bbox 456 2018 552 2059; x_wconf 91' lang='lat' dir='ltr'><strong>nisi</strong></span> <span class='ocrx_word' id='word_1_226' title='bbox 586 2020 635 2058; x_wconf 94' lang='lat' dir='ltr'><strong>te</strong></span> <span class='ocrx_word' id='word_1_227' title='bbox 671 2013 736 2058; x_wconf 89' lang='lat' dir='ltr'><strong>ob</strong></span> <span class='ocrx_word' id='word_1_228' title='bbox 767 2017 888 2058; x_wconf 88' lang='lat' dir='ltr'><strong>istas</strong></span> <span class='ocrx_word' id='word_1_229' title='bbox 921 2018 1031 2057; x_wconf 92' lang='lat' dir='ltr'><strong>tuas</strong></span> <span class='ocrx_word' id='word_1_230' title='bbox 1063 2027 1222 2068; x_wconf 90' lang='lat' dir='ltr'><strong>nugas</strong></span> <span class='ocrx_word' id='word_1_231' title='bbox 1255 2015 1536 2067; x_wconf 87' lang='lat' dir='ltr'><strong>castigaret,</strong></span> <span class='ocrx_word' id='word_1_232' title='bbox 1563 2026 1656 2067; x_wconf 92' lang='lat' dir='ltr'><strong>ego</strong></span> <span class='ocrx_word' id='word_1_233' title='bbox 1677 2012 1810 2056; x_wconf 87' lang='lat' dir='ltr'><strong>illum</strong></span> <span class='ocrx_word' id='word_1_234' title='bbox 1831 2015 2128 2067; x_wconf 82' lang='lat' dir='ltr'><strong>castigarem</strong></span> <span class='ocrx_word' id='word_1_235' title='bbox 2159 2011 2200 2057; x_wconf 95' lang='lat' dir='ltr'>C</span> <span class='ocrx_word' id='word_1_236' title='bbox 2228 2035 2284 2042; x_wconf 95' lang='lat'>—</span> 
     </span>
     <span class='ocr_line' id='line_1_24' title="bbox 456 2080 2282 2139; baseline 0.001 -13"><span class='ocrx_word' id='word_1_237' title='bbox 456 2089 600 2126; x_wconf 90' lang='grc'><strong>2324</strong></span> <span class='ocrx_word' id='word_1_238' title='bbox 622 2082 722 2139; x_wconf 91' lang='lat' dir='ltr'><strong>abi]</strong></span> <span class='ocrx_word' id='word_1_239' title='bbox 745 2097 803 2127; x_wconf 88' lang='lat' dir='ltr'><strong>ac</strong></span> <span class='ocrx_word' id='word_1_240' title='bbox 825 2082 882 2128; x_wconf 91' lang='lat' dir='ltr'><strong>C.</strong></span> <span class='ocrx_word' id='word_1_241' title='bbox 903 2107 959 2112; x_wconf 85' lang='lat'><strong>-—</strong></span> <span class='ocrx_word' id='word_1_242' title='bbox 979 2087 1123 2123; x_wconf 88' lang='grc'><strong>2326</strong></span> <span class='ocrx_word' id='word_1_243' title='bbox 1145 2081 1348 2137; x_wconf 88' lang='lat' dir='ltr'><strong>nuncio]</strong></span> <span class='ocrx_word' id='word_1_244' title='bbox 1369 2085 1544 2126; x_wconf 89' lang='lat' dir='ltr'><strong>nuntio</strong></span> <span class='ocrx_word' id='word_1_245' title='bbox 1566 2081 1607 2127; x_wconf 90' lang='lat' dir='ltr'>C</span> <span class='ocrx_word' id='word_1_246' title='bbox 1625 2105 1682 2111; x_wconf 93' lang='lat'><em>-</em></span> <span class='ocrx_word' id='word_1_247' title='bbox 1711 2087 1855 2123; x_wconf 91' lang='grc'><strong>2328</strong></span> <span class='ocrx_word' id='word_1_248' title='bbox 1883 2080 2139 2138; x_wconf 90' lang='lat' dir='ltr'><strong>quopiam]</strong></span> <span class='ocrx_word' id='word_1_249' title='bbox 2161 2096 2282 2139; x_wconf 90' lang='lat' dir='ltr'><strong>quo-</strong></span> 
     </span>
     <span class='ocr_line' id='line_1_25' title="bbox 456 2150 2284 2211; baseline -0.001 -12"><span class='ocrx_word' id='word_1_250' title='bbox 456 2169 607 2211; x_wconf 87' lang='lat' dir='ltr'><strong>quam</strong></span> <span class='ocrx_word' id='word_1_251' title='bbox 641 2152 682 2198; x_wconf 95' lang='lat' dir='ltr'>C</span> <span class='ocrx_word' id='word_1_252' title='bbox 715 2177 770 2182; x_wconf 94' lang='lat'><strong>—</strong></span> <span class='ocrx_word' id='word_1_253' title='bbox 804 2151 1161 2209; x_wconf 89' lang='lat' dir='ltr'><strong>conspicarier]</strong></span> <span class='ocrx_word' id='word_1_254' title='bbox 1197 2154 1479 2207; x_wconf 79' lang='lat' dir='ltr'><strong>conspiciet</strong></span> <span class='ocrx_word' id='word_1_255' title='bbox 1515 2150 1555 2197; x_wconf 95' lang='lat' dir='ltr'>C</span> <span class='ocrx_word' id='word_1_256' title='bbox 1583 2175 1639 2181; x_wconf 89' lang='lat'>—</span> <span class='ocrx_word' id='word_1_257' title='bbox 1669 2156 1813 2192; x_wconf 91' lang='grc'><strong>2329</strong></span> <span class='ocrx_word' id='word_1_258' title='bbox 1847 2151 2000 2207; x_wconf 90' lang='lat' dir='ltr'><strong>hunc]</strong></span> <span class='ocrx_word' id='word_1_259' title='bbox 2030 2152 2148 2197; x_wconf 89' lang='lat' dir='ltr'><strong>hinc</strong></span> <span class='ocrx_word' id='word_1_260' title='bbox 2169 2151 2284 2198; x_wconf 89' lang='lat' dir='ltr'><strong>C—</strong></span> 
     </span>
     <span class='ocr_line' id='line_1_26' title="bbox 456 2220 2285 2278; baseline 0 -13"><span class='ocrx_word' id='word_1_261' title='bbox 456 2229 599 2265; x_wconf 87' lang='grc'><strong>2331</strong></span> <span class='ocrx_word' id='word_1_262' title='bbox 622 2222 744 2278; x_wconf 87' lang='lat' dir='ltr'><strong>jam]</strong></span> <span class='ocrx_word' id='word_1_263' title='bbox 766 2222 886 2266; x_wconf 93' lang='lat' dir='ltr'><strong>mihi</strong></span> <span class='ocrx_word' id='word_1_264' title='bbox 903 2223 1007 2278; x_wconf 92' lang='lat' dir='ltr'><strong>jam</strong></span> <span class='ocrx_word' id='word_1_265' title='bbox 1028 2221 1069 2267; x_wconf 96' lang='lat' dir='ltr'>C</span> <span class='ocrx_word' id='word_1_266' title='bbox 1088 2245 1145 2252; x_wconf 90' lang='lat'><strong>—-</strong></span> <span class='ocrx_word' id='word_1_267' title='bbox 1164 2226 1314 2262; x_wconf 89' lang='grc'><strong>2332</strong></span> <span class='ocrx_word' id='word_1_268' title='bbox 1335 2220 1564 2277; x_wconf 84' lang='lat' dir='ltr'><strong>inultum]</strong></span> <span class='ocrx_word' id='word_1_269' title='bbox 1586 2221 1795 2265; x_wconf 92' lang='lat' dir='ltr'><strong>multum</strong></span> <span class='ocrx_word' id='word_1_270' title='bbox 1826 2220 1867 2266; x_wconf 91' lang='lat' dir='ltr'>P</span> <span class='ocrx_word' id='word_1_271' title='bbox 1899 2221 2129 2274; x_wconf 77' lang='lat' dir='ltr'><strong>(corrected</strong></span> <span class='ocrx_word' id='word_1_272' title='bbox 2151 2224 2197 2266; x_wconf 85' lang='lat' dir='ltr'><strong>in</strong></span> <span class='ocrx_word' id='word_1_273' title='bbox 2218 2222 2285 2266; x_wconf 85' lang='lat' dir='ltr'><strong>the</strong></span> 
     </span>
     <span class='ocr_line' id='line_1_27' title="bbox 454 2290 2285 2347; baseline -0.002 -8"><span class='ocrx_word' id='word_1_274' title='bbox 454 2294 692 2344; x_wconf 70' lang='lat' dir='ltr'><strong>Erratula)</strong></span> <span class='ocrx_word' id='word_1_275' title='bbox 724 2317 780 2323; x_wconf 85' lang='lat'>—</span> <span class='ocrx_word' id='word_1_276' title='bbox 813 2298 957 2334; x_wconf 90' lang='grc'><strong>2339</strong></span> <span class='ocrx_word' id='word_1_277' title='bbox 993 2291 1107 2341; x_wconf 89' lang='lat' dir='ltr'><strong>Vbi,</strong></span> <span class='ocrx_word' id='word_1_278' title='bbox 1144 2290 1248 2346; x_wconf 93' lang='lat' dir='ltr'><strong>ubi]</strong></span> <span class='ocrx_word' id='word_1_279' title='bbox 1286 2290 1387 2336; x_wconf 90' lang='lat' dir='ltr'><strong>Ubi</strong></span> <span class='ocrx_word' id='word_1_280' title='bbox 1422 2290 1463 2337; x_wconf 93' lang='lat' dir='ltr'>C</span> <span class='ocrx_word' id='word_1_281' title='bbox 1495 2315 1552 2321; x_wconf 97' lang='lat'>—</span> <span class='ocrx_word' id='word_1_282' title='bbox 1571 2296 1716 2332; x_wconf 89' lang='grc'><strong>2340</strong></span> <span class='ocrx_word' id='word_1_283' title='bbox 1736 2290 1914 2347; x_wconf 86' lang='lat' dir='ltr'><strong>virum]</strong></span> <span class='ocrx_word' id='word_1_284' title='bbox 1934 2296 2148 2335; x_wconf 88' lang='lat' dir='ltr'><strong>vestrum</strong></span> <span class='ocrx_word' id='word_1_285' title='bbox 2169 2290 2285 2336; x_wconf 92' lang='lat' dir='ltr'><strong>C—</strong></span> 
     </span>
    </p>
   </div>
   <div class='ocr_carea' id='block_1_4' title="bbox 372 2359 2299 2488">
    <p class='ocr_par' dir='ltr' id='par_1_4' title="bbox 372 2359 2299 2488">
     <span class='ocr_line' id='line_1_28' title="bbox 372 2359 2281 2418; baseline -0.001 -13"><span class='ocrx_word' id='word_1_286' title='bbox 372 2408 376 2413; x_wconf 36' lang='lat'><em>.</em></span> <span class='ocrx_word' id='word_1_287' title='bbox 456 2367 767 2405; x_wconf 72' lang='lat'>2343-2344</span> <span class='ocrx_word' id='word_1_288' title='bbox 789 2363 934 2406; x_wconf 91' lang='lat' dir='ltr'><strong>flocci</strong></span> <span class='ocrx_word' id='word_1_289' title='bbox 954 2361 1227 2406; x_wconf 87' lang='lat' dir='ltr'><strong>vendulo...</strong></span> <span class='ocrx_word' id='word_1_290' title='bbox 1251 2359 1476 2418; x_wconf 88' lang='lat' dir='ltr'><strong>possent]</strong></span> <span class='ocrx_word' id='word_1_291' title='bbox 1505 2360 1890 2416; x_wconf 89' lang='lat' dir='ltr'><strong>sanguinolento</strong></span> <span class='ocrx_word' id='word_1_292' title='bbox 1921 2360 2155 2406; x_wconf 88' lang='lat' dir='ltr'><strong>carnifice</strong></span> <span class='ocrx_word' id='word_1_293' title='bbox 2175 2363 2281 2405; x_wconf 89' lang='lat' dir='ltr'><strong>iure</strong></span> 
     </span>
     <span class='ocr_line' id='line_1_29' title="bbox 456 2429 2299 2488; baseline -0.003 -10"><span class='ocrx_word' id='word_1_294' title='bbox 456 2434 551 2478; x_wconf 90' lang='lat' dir='ltr'><strong>dici</strong></span> <span class='ocrx_word' id='word_1_295' title='bbox 583 2436 780 2488; x_wconf 89' lang='lat' dir='ltr'><strong>possint</strong></span> <span class='ocrx_word' id='word_1_296' title='bbox 810 2431 851 2477; x_wconf 93' lang='lat' dir='ltr'>C</span> <span class='ocrx_word' id='word_1_297' title='bbox 879 2455 934 2461; x_wconf 92' lang='lat'><strong>—-</strong></span> <span class='ocrx_word' id='word_1_298' title='bbox 954 2435 1096 2472; x_wconf 87' lang='grc'><strong>2345</strong></span> <span class='ocrx_word' id='word_1_299' title='bbox 1121 2430 1219 2484; x_wconf 88' lang='lat' dir='ltr'><strong>cui]</strong></span> <span class='ocrx_word' id='word_1_300' title='bbox 1241 2434 1292 2475; x_wconf 90' lang='lat' dir='ltr'><strong>in</strong></span> <span class='ocrx_word' id='word_1_301' title='bbox 1313 2445 1412 2486; x_wconf 91' lang='lat' dir='ltr'><strong>quo</strong></span> <span class='ocrx_word' id='word_1_302' title='bbox 1435 2429 1476 2475; x_wconf 91' lang='lat' dir='ltr'>C</span> <span class='ocrx_word' id='word_1_303' title='bbox 1495 2454 1551 2460; x_wconf 92' lang='lat'><strong>-—</strong></span> <span class='ocrx_word' id='word_1_304' title='bbox 1570 2435 1713 2471; x_wconf 86' lang='grc'><strong>2347</strong></span> <span class='ocrx_word' id='word_1_305' title='bbox 1736 2429 1867 2475; x_wconf 86' lang='lat' dir='ltr'><strong>habe</strong></span> <span class='ocrx_word' id='word_1_306' title='bbox 1898 2429 2005 2486; x_wconf 91' lang='lat' dir='ltr'><strong>tibi]</strong></span> <span class='ocrx_word' id='word_1_307' title='bbox 2030 2430 2150 2475; x_wconf 89' lang='lat' dir='ltr'><strong>habi</strong></span> <span class='ocrx_word' id='word_1_308' title='bbox 2180 2429 2299 2475; x_wconf 61' lang='lat' dir='ltr'><strong>tibe‘</strong></span> 
     </span>
    </p>
   </div>
   <div class='ocr_carea' id='block_1_5' title="bbox 451 2499 2284 3114">
    <p class='ocr_par' dir='ltr' id='par_1_5' title="bbox 451 2499 2284 3114">
     <span class='ocr_line' id='line_1_30' title="bbox 456 2499 2282 2556; baseline 0.001 -13"><span class='ocrx_word' id='word_1_309' title='bbox 456 2503 496 2548; x_wconf 88' lang='lat' dir='ltr'>P</span> <span class='ocrx_word' id='word_1_310' title='bbox 531 2526 587 2532; x_wconf 93' lang='lat'><strong>—</strong></span> <span class='ocrx_word' id='word_1_311' title='bbox 621 2506 766 2543; x_wconf 91' lang='grc'><strong>2350</strong></span> <span class='ocrx_word' id='word_1_312' title='bbox 800 2501 954 2546; x_wconf 80' lang='lat' dir='ltr'><strong>fallax</strong></span> <span class='ocrx_word' id='word_1_313' title='bbox 989 2500 1081 2556; x_wconf 92' lang='lat' dir='ltr'><strong>est]</strong></span> <span class='ocrx_word' id='word_1_314' title='bbox 1118 2506 1194 2544; x_wconf 91' lang='lat' dir='ltr'><strong>est</strong></span> <span class='ocrx_word' id='word_1_315' title='bbox 1228 2500 1382 2545; x_wconf 85' lang='lat' dir='ltr'><strong>fallax</strong></span> <span class='ocrx_word' id='word_1_316' title='bbox 1412 2499 1453 2545; x_wconf 94' lang='lat' dir='ltr'>C</span> <span class='ocrx_word' id='word_1_317' title='bbox 1473 2504 1691 2541; x_wconf 85' lang='grc'><strong>-2353</strong></span> <span class='ocrx_word' id='word_1_318' title='bbox 1713 2499 1996 2556; x_wconf 85' lang='lat' dir='ltr'><strong>verborum]</strong></span> <span class='ocrx_word' id='word_1_319' title='bbox 2017 2499 2282 2545; x_wconf 89' lang='lat' dir='ltr'><strong>verborum</strong></span> 
     </span>
     <span class='ocr_line' id='line_1_31' title="bbox 452 2569 2284 2627; baseline -0.002 -10"><span class='ocrx_word' id='word_1_320' title='bbox 452 2587 678 2617; x_wconf 91' lang='lat' dir='ltr'><strong>meorum</strong></span> <span class='ocrx_word' id='word_1_321' title='bbox 712 2571 753 2617; x_wconf 94' lang='lat' dir='ltr'>C</span> <span class='ocrx_word' id='word_1_322' title='bbox 789 2594 842 2602; x_wconf 48' lang='grc'><strong>’-</strong></span> <span class='ocrx_word' id='word_1_323' title='bbox 877 2570 1128 2626; x_wconf 88' lang='lat' dir='ltr'><strong>suspicax]</strong></span> <span class='ocrx_word' id='word_1_324' title='bbox 1166 2573 1476 2627; x_wconf 88' lang='lat' dir='ltr'><strong>suspiciosus</strong></span> <span class='ocrx_word' id='word_1_325' title='bbox 1513 2569 1554 2615; x_wconf 93' lang='lat' dir='ltr'>C</span> <span class='ocrx_word' id='word_1_326' title='bbox 1586 2594 1642 2600; x_wconf 93' lang='lat'>—</span> <span class='ocrx_word' id='word_1_327' title='bbox 1671 2574 1816 2611; x_wconf 87' lang='grc'><strong>2354</strong></span> <span class='ocrx_word' id='word_1_328' title='bbox 1849 2569 1985 2625; x_wconf 89' lang='lat' dir='ltr'><strong>vere]</strong></span> <span class='ocrx_word' id='word_1_329' title='bbox 2016 2570 2128 2613; x_wconf 86' lang='lat' dir='ltr'><strong>deest</strong></span> <span class='ocrx_word' id='word_1_330' title='bbox 2159 2569 2200 2615; x_wconf 94' lang='lat' dir='ltr'>C</span> <span class='ocrx_word' id='word_1_331' title='bbox 2228 2594 2284 2599; x_wconf 97' lang='lat'><strong>—</strong></span> 
     </span>
     <span class='ocr_line' id='line_1_32' title="bbox 454 2638 2280 2695; baseline 0 -12"><span class='ocrx_word' id='word_1_332' title='bbox 454 2647 599 2683; x_wconf 89' lang='grc'><strong>2356</strong></span> <span class='ocrx_word' id='word_1_333' title='bbox 622 2639 879 2695; x_wconf 88' lang='lat' dir='ltr'><strong>terrarum]</strong></span> <span class='ocrx_word' id='word_1_334' title='bbox 901 2641 1011 2684; x_wconf 82' lang='lat' dir='ltr'><strong>deest</strong></span> <span class='ocrx_word' id='word_1_335' title='bbox 1031 2639 1072 2685; x_wconf 93' lang='lat' dir='ltr'>C</span> <span class='ocrx_word' id='word_1_336' title='bbox 1091 2664 1147 2669; x_wconf 90' lang='lat'><strong>—-</strong></span> <span class='ocrx_word' id='word_1_337' title='bbox 1166 2644 1479 2681; x_wconf 87' lang='grc'><strong>2356-2357</strong></span> <span class='ocrx_word' id='word_1_338' title='bbox 1499 2639 1829 2694; x_wconf 83' lang='lat' dir='ltr'><strong>deportarem,</strong></span> <span class='ocrx_word' id='word_1_339' title='bbox 1850 2638 1909 2695; x_wconf 91' lang='lat' dir='ltr'><strong>si]</strong></span> <span class='ocrx_word' id='word_1_340' title='bbox 1927 2638 2280 2694; x_wconf 88' lang='lat' dir='ltr'><strong>perambulans</strong></span> 
     </span>
     <span class='ocr_line' id='line_1_33' title="bbox 455 2708 2280 2767; baseline -0.004 -11"><span class='ocrx_word' id='word_1_341' title='bbox 455 2711 772 2767; x_wconf 88' lang='lat' dir='ltr'><strong>deportarem</strong></span> <span class='ocrx_word' id='word_1_342' title='bbox 807 2714 848 2754; x_wconf 89' lang='lat' dir='ltr'><strong>si</strong></span> <span class='ocrx_word' id='word_1_343' title='bbox 882 2716 935 2754; x_wconf 92' lang='lat' dir='ltr'><strong>tu</strong></span> <span class='ocrx_word' id='word_1_344' title='bbox 972 2713 1043 2754; x_wconf 91' lang='lat' dir='ltr'><strong>sic</strong></span> <span class='ocrx_word' id='word_1_345' title='bbox 1078 2709 1119 2755; x_wconf 95' lang='lat' dir='ltr'>C</span> <span class='ocrx_word' id='word_1_346' title='bbox 1153 2733 1208 2739; x_wconf 87' lang='lat'>—</span> <span class='ocrx_word' id='word_1_347' title='bbox 1242 2715 1386 2750; x_wconf 88' lang='grc'><strong>2364</strong></span> <span class='ocrx_word' id='word_1_348' title='bbox 1422 2708 1583 2764; x_wconf 85' lang='lat' dir='ltr'><strong>extus]</strong></span> <span class='ocrx_word' id='word_1_349' title='bbox 1620 2715 1771 2759; x_wconf 86' lang='lat' dir='ltr'><strong>extra,</strong></span> <span class='ocrx_word' id='word_1_350' title='bbox 1806 2712 1847 2753; x_wconf 91' lang='lat' dir='ltr'><strong>si</strong></span> <span class='ocrx_word' id='word_1_351' title='bbox 1876 2713 1951 2754; x_wconf 88' lang='lat' dir='ltr'><strong>vis</strong></span> <span class='ocrx_word' id='word_1_352' title='bbox 1984 2708 2025 2754; x_wconf 93' lang='lat' dir='ltr'>C</span> <span class='ocrx_word' id='word_1_353' title='bbox 2053 2733 2108 2738; x_wconf 89' lang='lat'><strong>—</strong></span> <span class='ocrx_word' id='word_1_354' title='bbox 2137 2713 2280 2750; x_wconf 90' lang='grc'><strong>2369</strong></span> 
     </span>
     <span class='ocr_line' id='line_1_34' title="bbox 453 2777 2282 2837; baseline -0.001 -12"><span class='ocrx_word' id='word_1_355' title='bbox 453 2779 784 2837; x_wconf 88' lang='lat' dir='ltr'><strong>conscriptos]</strong></span> <span class='ocrx_word' id='word_1_356' title='bbox 822 2783 1135 2834; x_wconf 89' lang='lat' dir='ltr'><strong>conscriptas</strong></span> <span class='ocrx_word' id='word_1_357' title='bbox 1170 2778 1211 2824; x_wconf 95' lang='lat' dir='ltr'>C</span> <span class='ocrx_word' id='word_1_358' title='bbox 1243 2803 1300 2809; x_wconf 94' lang='lat'>—</span> <span class='ocrx_word' id='word_1_359' title='bbox 1334 2778 1441 2834; x_wconf 91' lang='lat' dir='ltr'><strong>sed]</strong></span> <span class='ocrx_word' id='word_1_360' title='bbox 1477 2779 1588 2823; x_wconf 83' lang='lat' dir='ltr'><strong>deest</strong></span> <span class='ocrx_word' id='word_1_361' title='bbox 1617 2778 1658 2824; x_wconf 94' lang='lat' dir='ltr'>C</span> <span class='ocrx_word' id='word_1_362' title='bbox 1676 2802 1732 2809; x_wconf 91' lang='lat'><em>-</em></span> <span class='ocrx_word' id='word_1_363' title='bbox 1751 2784 1896 2820; x_wconf 87' lang='grc'><strong>2372</strong></span> <span class='ocrx_word' id='word_1_364' title='bbox 1916 2778 2016 2834; x_wconf 89' lang='lat' dir='ltr'><strong>vel]</strong></span> <span class='ocrx_word' id='word_1_365' title='bbox 2037 2779 2148 2822; x_wconf 85' lang='lat' dir='ltr'><strong>deest</strong></span> <span class='ocrx_word' id='word_1_366' title='bbox 2166 2777 2208 2823; x_wconf 92' lang='lat' dir='ltr'>C</span> <span class='ocrx_word' id='word_1_367' title='bbox 2226 2801 2282 2809; x_wconf 91' lang='lat'>—</span> 
     </span>
     <span class='ocr_line' id='line_1_35' title="bbox 454 2847 2281 2904; baseline 0.001 -13"><span class='ocrx_word' id='word_1_368' title='bbox 454 2855 765 2892; x_wconf 89' lang='grc'><strong>2374-2384</strong></span> <span class='ocrx_word' id='word_1_369' title='bbox 788 2850 905 2894; x_wconf 90' lang='lat' dir='ltr'><strong>Et...</strong></span> <span class='ocrx_word' id='word_1_370' title='bbox 929 2848 1311 2904; x_wconf 88' lang='lat' dir='ltr'><strong>obsecundabit]</strong></span> <span class='ocrx_word' id='word_1_371' title='bbox 1333 2849 1484 2892; x_wconf 89' lang='lat' dir='ltr'><strong>desunt</strong></span> <span class='ocrx_word' id='word_1_372' title='bbox 1503 2847 1543 2894; x_wconf 92' lang='lat' dir='ltr'>C</span> <span class='ocrx_word' id='word_1_373' title='bbox 1572 2873 1628 2878; x_wconf 89' lang='lat'><strong>—</strong></span> <span class='ocrx_word' id='word_1_374' title='bbox 1657 2853 1799 2889; x_wconf 91' lang='grc'><strong>2385</strong></span> <span class='ocrx_word' id='word_1_375' title='bbox 1832 2847 1986 2904; x_wconf 92' lang='lat' dir='ltr'><strong>aliud]</strong></span> <span class='ocrx_word' id='word_1_376' title='bbox 2018 2848 2143 2893; x_wconf 89' lang='lat' dir='ltr'><strong>alios</strong></span> <span class='ocrx_word' id='word_1_377' title='bbox 2166 2847 2206 2893; x_wconf 95' lang='lat' dir='ltr'>C</span> <span class='ocrx_word' id='word_1_378' title='bbox 2227 2871 2281 2877; x_wconf 91' lang='lat'>-</span> 
     </span>
     <span class='ocr_line' id='line_1_36' title="bbox 451 2917 2279 2974; baseline 0.001 -13"><span class='ocrx_word' id='word_1_379' title='bbox 451 2926 596 2961; x_wconf 90' lang='grc'><strong>2387</strong></span> <span class='ocrx_word' id='word_1_380' title='bbox 632 2924 780 2964; x_wconf 91' lang='lat' dir='ltr'><strong>isto...</strong></span> <span class='ocrx_word' id='word_1_381' title='bbox 818 2918 1035 2974; x_wconf 84' lang='lat' dir='ltr'><strong>hortatu]</strong></span> <span class='ocrx_word' id='word_1_382' title='bbox 1071 2922 1196 2963; x_wconf 83' lang='lat' dir='ltr'><strong>istac</strong></span> <span class='ocrx_word' id='word_1_383' title='bbox 1227 2932 1354 2974; x_wconf 88' lang='lat' dir='ltr'><strong>opus</strong></span> <span class='ocrx_word' id='word_1_384' title='bbox 1387 2922 1450 2962; x_wconf 91' lang='lat' dir='ltr'><strong>sit</strong></span> <span class='ocrx_word' id='word_1_385' title='bbox 1480 2922 1704 2963; x_wconf 86' lang='lat' dir='ltr'><strong>oratione</strong></span> <span class='ocrx_word' id='word_1_386' title='bbox 1736 2917 1776 2963; x_wconf 95' lang='lat' dir='ltr'>C</span> <span class='ocrx_word' id='word_1_387' title='bbox 1795 2941 1851 2948; x_wconf 90' lang='lat'>—</span> <span class='ocrx_word' id='word_1_388' title='bbox 1879 2923 2024 2959; x_wconf 87' lang='grc'><strong>2389</strong></span> <span class='ocrx_word' id='word_1_389' title='bbox 2054 2918 2279 2972; x_wconf 89' lang='lat' dir='ltr'><strong>intelligo</strong></span> 
     </span>
     <span class='ocr_line' id='line_1_37' title="bbox 454 2986 2276 3044; baseline -0.002 -10"><span class='ocrx_word' id='word_1_390' title='bbox 454 2991 593 3042; x_wconf 90' lang='lat' dir='ltr'><strong>satis]</strong></span> <span class='ocrx_word' id='word_1_391' title='bbox 634 2992 833 3034; x_wconf 89' lang='lat' dir='ltr'><strong>tametsi</strong></span> <span class='ocrx_word' id='word_1_392' title='bbox 875 2989 1101 3044; x_wconf 88' lang='lat' dir='ltr'><strong>intelligo</strong></span> <span class='ocrx_word' id='word_1_393' title='bbox 1141 2987 1181 3033; x_wconf 93' lang='lat' dir='ltr'>C</span> <span class='ocrx_word' id='word_1_394' title='bbox 1218 3011 1274 3018; x_wconf 89' lang='lat'>—</span> <span class='ocrx_word' id='word_1_395' title='bbox 1313 2993 1456 3028; x_wconf 85' lang='grc'><strong>2391</strong></span> <span class='ocrx_word' id='word_1_396' title='bbox 1513 2988 1728 3032; x_wconf 90' lang='lat' dir='ltr'><strong>Nimis...</strong></span> <span class='ocrx_word' id='word_1_397' title='bbox 1778 2986 1923 3042; x_wconf 87' lang='lat' dir='ltr'><strong>facis]</strong></span> <span class='ocrx_word' id='word_1_398' title='bbox 1974 2987 2042 3032; x_wconf 92' lang='lat' dir='ltr'><strong>Ni</strong></span> <span class='ocrx_word' id='word_1_399' title='bbox 2089 2992 2276 3036; x_wconf 86' lang='lat' dir='ltr'><strong>taceas,</strong></span> 
     </span>
     <span class='ocr_line' id='line_1_38' title="bbox 452 3056 2276 3114; baseline -0.003 -12"><span class='ocrx_word' id='word_1_400' title='bbox 452 3062 781 3114; x_wconf 83' lang='lat' dir='ltr'><strong>nequicquam</strong></span> <span class='ocrx_word' id='word_1_401' title='bbox 802 3057 976 3102; x_wconf 84' lang='lat' dir='ltr'><strong>faciam</strong></span> <span class='ocrx_word' id='word_1_402' title='bbox 998 3057 1038 3103; x_wconf 94' lang='lat' dir='ltr'>C</span> <span class='ocrx_word' id='word_1_403' title='bbox 1057 3081 1113 3087; x_wconf 78' lang='lat'>—</span> <span class='ocrx_word' id='word_1_404' title='bbox 1132 3062 1277 3098; x_wconf 89' lang='grc'><strong>2392</strong></span> <span class='ocrx_word' id='word_1_405' title='bbox 1299 3057 1390 3101; x_wconf 87' lang='lat'><strong>&amp;...</strong></span> <span class='ocrx_word' id='word_1_406' title='bbox 1414 3056 1629 3113; x_wconf 89' lang='lat' dir='ltr'><strong>mortali]</strong></span> <span class='ocrx_word' id='word_1_407' title='bbox 1660 3057 1784 3100; x_wconf 91' lang='lat' dir='ltr'><strong>nulli</strong></span> <span class='ocrx_word' id='word_1_408' title='bbox 1814 3056 1855 3102; x_wconf 96' lang='lat' dir='ltr'>C</span> <span class='ocrx_word' id='word_1_409' title='bbox 1883 3080 1939 3088; x_wconf 92' lang='lat'>—</span> <span class='ocrx_word' id='word_1_410' title='bbox 1964 3061 2276 3098; x_wconf 87' lang='grc'><strong>2394-2395</strong></span> 
     </span>
    </p>
   </div>
   <div class='ocr_carea' id='block_1_6' title="bbox 454 3124 2287 3183">
    <p class='ocr_par' dir='ltr' id='par_1_6' title="bbox 454 3124 2287 3183">
     <span class='ocr_line' id='line_1_39' title="bbox 454 3124 2287 3183; baseline -0.001 -10"><span class='ocrx_word' id='word_1_411' title='bbox 454 3128 618 3173; x_wconf 90' lang='lat' dir='ltr'><strong>Nec...</strong></span> <span class='ocrx_word' id='word_1_412' title='bbox 641 3126 922 3183; x_wconf 86' lang='lat' dir='ltr'><strong>rogaturos]</strong></span> <span class='ocrx_word' id='word_1_413' title='bbox 945 3127 1096 3171; x_wconf 83' lang='lat' dir='ltr'><strong>desunt</strong></span> <span class='ocrx_word' id='word_1_414' title='bbox 1114 3126 1154 3172; x_wconf 96' lang='lat' dir='ltr'>C</span> <span class='ocrx_word' id='word_1_415' title='bbox 1174 3151 1230 3156; x_wconf 97' lang='lat'><strong>—</strong></span> <span class='ocrx_word' id='word_1_416' title='bbox 1249 3131 1564 3168; x_wconf 90' lang='grc'><strong>2396-2397</strong></span> <span class='ocrx_word' id='word_1_417' title='bbox 1588 3129 1737 3182; x_wconf 89' lang='lat' dir='ltr'><strong>ipsi...</strong></span> <span class='ocrx_word' id='word_1_418' title='bbox 1769 3125 1965 3181; x_wconf 87' lang='lat' dir='ltr'><strong>manus]</strong></span> <span class='ocrx_word' id='word_1_419' title='bbox 1995 3126 2146 3170; x_wconf 88' lang='lat' dir='ltr'><strong>desunt</strong></span> <span class='ocrx_word' id='word_1_420' title='bbox 2164 3124 2205 3171; x_wconf 95' lang='lat' dir='ltr'>C</span> <span class='ocrx_word' id='word_1_421' title='bbox 2223 3136 2287 3155; x_wconf 83' lang='lat'><strong>—&#39;</strong></span> 
     </span>
    </p>
   </div>
   <div class='ocr_carea' id='block_1_7' title="bbox 451 3194 2277 3461">
    <p class='ocr_par' dir='ltr' id='par_1_7' title="bbox 451 3194 2277 3461">
     <span class='ocr_line' id='line_1_40' title="bbox 452 3194 2275 3252; baseline 0 -14"><span class='ocrx_word' id='word_1_422' title='bbox 452 3203 596 3238; x_wconf 91' lang='grc'><strong>2399</strong></span> <span class='ocrx_word' id='word_1_423' title='bbox 630 3197 703 3252; x_wconf 93' lang='lat' dir='ltr'><strong>ut]</strong></span> <span class='ocrx_word' id='word_1_424' title='bbox 738 3197 849 3241; x_wconf 89' lang='lat' dir='ltr'><strong>deest</strong></span> <span class='ocrx_word' id='word_1_425' title='bbox 877 3196 918 3242; x_wconf 95' lang='lat' dir='ltr'>C</span> <span class='ocrx_word' id='word_1_426' title='bbox 946 3221 1002 3226; x_wconf 95' lang='lat'><strong>—-</strong></span> <span class='ocrx_word' id='word_1_427' title='bbox 1022 3201 1167 3238; x_wconf 88' lang='grc'><strong>2400</strong></span> <span class='ocrx_word' id='word_1_428' title='bbox 1190 3196 1464 3240; x_wconf 82' lang='lat' dir='ltr'><strong>Putasne...</strong></span> <span class='ocrx_word' id='word_1_429' title='bbox 1488 3194 1624 3251; x_wconf 86' lang='lat' dir='ltr'><strong>fuga]</strong></span> <span class='ocrx_word' id='word_1_430' title='bbox 1647 3195 1907 3240; x_wconf 89' lang='lat' dir='ltr'><strong>Diffidisne</strong></span> <span class='ocrx_word' id='word_1_431' title='bbox 1928 3198 2076 3251; x_wconf 90' lang='lat' dir='ltr'><strong>igitur</strong></span> <span class='ocrx_word' id='word_1_432' title='bbox 2094 3195 2275 3239; x_wconf 89' lang='lat' dir='ltr'><strong>hones·</strong></span> 
     </span>
     <span class='ocr_line' id='line_1_41' title="bbox 451 3263 2277 3320; baseline -0.001 -10"><span class='ocrx_word' id='word_1_433' title='bbox 451 3270 540 3311; x_wconf 90' lang='lat' dir='ltr'><strong>tati</strong></span> <span class='ocrx_word' id='word_1_434' title='bbox 574 3281 699 3311; x_wconf 85' lang='lat' dir='ltr'><strong>meae</strong></span> <span class='ocrx_word' id='word_1_435' title='bbox 735 3266 775 3312; x_wconf 94' lang='lat' dir='ltr'>C</span> <span class='ocrx_word' id='word_1_436' title='bbox 809 3290 865 3297; x_wconf 92' lang='lat'><em>-</em></span> <span class='ocrx_word' id='word_1_437' title='bbox 884 3271 1029 3307; x_wconf 93' lang='grc'><strong>2402</strong></span> <span class='ocrx_word' id='word_1_438' title='bbox 1064 3266 1174 3310; x_wconf 87' lang='lat' dir='ltr'><strong>deest</strong></span> <span class='ocrx_word' id='word_1_439' title='bbox 1208 3265 1248 3311; x_wconf 93' lang='lat' dir='ltr'>C</span> <span class='ocrx_word' id='word_1_440' title='bbox 1281 3289 1336 3295; x_wconf 90' lang='lat'><strong>——</strong></span> <span class='ocrx_word' id='word_1_441' title='bbox 1357 3270 1499 3306; x_wconf 89' lang='grc'><strong>2403</strong></span> <span class='ocrx_word' id='word_1_442' title='bbox 1523 3266 1685 3309; x_wconf 87' lang='lat' dir='ltr'><strong>Fiet...</strong></span> <span class='ocrx_word' id='word_1_443' title='bbox 1709 3263 1922 3320; x_wconf 89' lang='lat' dir='ltr'><strong>dicitur.]</strong></span> <span class='ocrx_word' id='word_1_444' title='bbox 1944 3264 2026 3310; x_wconf 89' lang='lat' dir='ltr'><strong>Sic</strong></span> <span class='ocrx_word' id='word_1_445' title='bbox 2048 3269 2138 3309; x_wconf 88' lang='lat' dir='ltr'><strong>est.</strong></span> <span class='ocrx_word' id='word_1_446' title='bbox 2162 3263 2203 3309; x_wconf 90' lang='lat' dir='ltr'>C</span> <span class='ocrx_word' id='word_1_447' title='bbox 2221 3287 2277 3294; x_wconf 89' lang='lat'>—</span> 
     </span>
     <span class='ocr_line' id='line_1_42' title="bbox 453 3332 2276 3392; baseline 0.002 -16"><span class='ocrx_word' id='word_1_448' title='bbox 453 3341 597 3377; x_wconf 85' lang='grc'><strong>2406</strong></span> <span class='ocrx_word' id='word_1_449' title='bbox 621 3351 709 3380; x_wconf 90' lang='lat' dir='ltr'><strong>seu</strong></span> <span class='ocrx_word' id='word_1_450' title='bbox 730 3335 1074 3392; x_wconf 88' lang='lat' dir='ltr'><strong>battologiam]</strong></span> <span class='ocrx_word' id='word_1_451' title='bbox 1096 3336 1246 3380; x_wconf 91' lang='lat' dir='ltr'><strong>desunt</strong></span> <span class='ocrx_word' id='word_1_452' title='bbox 1266 3334 1306 3380; x_wconf 95' lang='lat' dir='ltr'>C</span> <span class='ocrx_word' id='word_1_453' title='bbox 1326 3358 1381 3365; x_wconf 93' lang='lat'><strong>—-</strong></span> <span class='ocrx_word' id='word_1_454' title='bbox 1401 3340 1543 3376; x_wconf 86' lang='grc'><strong>2407</strong></span> <span class='ocrx_word' id='word_1_455' title='bbox 1568 3333 1865 3392; x_wconf 83' lang='lat' dir='ltr'><strong>synonyma]</strong></span> <span class='ocrx_word' id='word_1_456' title='bbox 1889 3337 2150 3391; x_wconf 86' lang='lat' dir='ltr'><strong>synonima</strong></span> <span class='ocrx_word' id='word_1_457' title='bbox 2166 3332 2207 3379; x_wconf 93' lang='lat' dir='ltr'>C</span> <span class='ocrx_word' id='word_1_458' title='bbox 2221 3357 2276 3363; x_wconf 91' lang='lat'>—</span> 
     </span>
     <span class='ocr_line' id='line_1_43' title="bbox 453 3402 2274 3461; baseline 0 -15"><span class='ocrx_word' id='word_1_459' title='bbox 453 3410 598 3446; x_wconf 85' lang='grc'><strong>2408</strong></span> <span class='ocrx_word' id='word_1_460' title='bbox 624 3405 778 3460; x_wconf 86' lang='lat' dir='ltr'><strong>faveat</strong></span> <span class='ocrx_word' id='word_1_461' title='bbox 810 3405 968 3461; x_wconf 68' lang='lat' dir='ltr'><strong>caeptis]</strong></span> <span class='ocrx_word' id='word_1_462' title='bbox 1004 3408 1180 3461; x_wconf 83' lang='lat' dir='ltr'><strong>coeptis</strong></span> <span class='ocrx_word' id='word_1_463' title='bbox 1215 3405 1383 3449; x_wconf 85' lang='lat' dir='ltr'><strong>faveat</strong></span> <span class='ocrx_word' id='word_1_464' title='bbox 1418 3404 1458 3450; x_wconf 94' lang='lat' dir='ltr'>C</span> <span class='ocrx_word' id='word_1_465' title='bbox 1486 3428 1542 3435; x_wconf 94' lang='lat'>-</span> <span class='ocrx_word' id='word_1_466' title='bbox 1570 3409 1720 3447; x_wconf 82' lang='grc'><strong>2410</strong></span> <span class='ocrx_word' id='word_1_467' title='bbox 1740 3404 1939 3449; x_wconf 85' lang='lat' dir='ltr'><strong>Abeo...</strong></span> <span class='ocrx_word' id='word_1_468' title='bbox 1962 3402 2132 3460; x_wconf 85' lang='lat' dir='ltr'><strong>redeo]</strong></span> <span class='ocrx_word' id='word_1_469' title='bbox 2155 3403 2274 3448; x_wconf 85' lang='lat' dir='ltr'><strong>Mox</strong></span> 
     </span>
    </p>
   </div>
   <div class='ocr_carea' id='block_1_8' title="bbox 2431 3016 2444 3211">
    <p class='ocr_par' dir='ltr' id='par_1_8' title="bbox 2431 3016 2444 3211">
     <span class='ocr_line' id='line_1_44' title="bbox 2431 3016 2444 3211; textangle 90"><span class='ocrx_word' id='word_1_470' title='bbox 2431 3095 2444 3211; x_wconf 46' lang='lat' dir='ltr'><strong>*Lan-ks...</strong></span> <span class='ocrx_word' id='word_1_471' title='bbox 2437 3078 2444 3082; x_wconf 78' lang='lat' dir='ltr'>x</span> <span class='ocrx_word' id='word_1_472' title='bbox 2442 3053 2444 3058; x_wconf 42' lang='lat' dir='ltr'><strong>r</strong></span> <span class='ocrx_word' id='word_1_473' title='bbox 2439 3016 2444 3035; x_wconf 55' lang='grc' dir='ltr'><strong>Ἰ,</strong></span> 
     </span>
    </p>
   </div>
   <div class='ocr_carea' id='block_1_9' title="bbox 2389 3543 2444 4140">
    <p class='ocr_par' dir='ltr' id='par_1_9' title="bbox 2389 3470 2444 4140">
     <span class='ocr_line' id='line_1_45' title="bbox 2389 3543 2444 4140; textangle 90"><span class='ocrx_word' id='word_1_474' title='bbox 2389 3627 2444 4140; x_wconf 42' lang='lat' dir='ltr'><strong>Wstwweffaafflffle</strong></span> <span class='ocrx_word' id='word_1_475' title='bbox 2421 3583 2431 3596; x_wconf 84' lang='lat'><strong>··</strong></span> <span class='ocrx_word' id='word_1_476' title='bbox 2420 3543 2428 3554; x_wconf 58' lang='lat'><em>„</em></span> 
     </span>
    </p>
   </div>
  </div>
 </body>
</html>
