2444 4140
448 613 539 662 885

444 997 537 1057 890

442 1377 533 1439 895

438 1777 532 1823 900

435 2143 527 2205 905

431 2543 526 2590 910

430 2911 521 2972 915

587 383 656 439 26
984 377 1298 434 Pedantius
1322 379 1404 434 A.
1433 388 1504 431 ΙΙ.
1530 380 1622 434 Se.
1646 387 1721 434 ΙΙ.

586 537 723 586 saria
747 542 841 594 est,
870 551 1034 595 quam
1059 551 1325 596 campana
1348 535 1403 582 in
1426 535 1648 597 templo,
1671 540 1763 584 aut
1786 535 1997 596 lignum
2021 534 2078 583 in
2099 534 2239 583 foco.

645 614 767 661 Dro.
799 612 1006 660 Revera
1030 611 1074 658 si
1100 610 1492 659 Oeconomiam
1518 617 1822 672 spectemus
1846 611 1922 659 rei
1944 610 2239 669 familiaris,

582 705 712 738 vxor
735 704 872 736 causa
894 691 960 735 est
980 687 1210 735 adiuvans
1243 687 1564 747 aliqualiter.
1594 688 1663 735 Et
1685 687 1890 736 familia
1914 692 1992 735 est
2015 687 2242 735 civitatis

581 764 909 827 principium
944 780 998 812 ex
1030 780 1134 825 quo.
1173 764 1244 812 Vt
1278 763 1609 812 demonstrat
1645 763 2014 825 Philosophus
2056 763 2242 811 Primo

585 841 957 890 Politicorum.
988 841 1122 898 Iam,
1153 839 1402 898 Pedanti,
1429 839 1602 889 factus
1627 857 1683 888 es
1707 840 1978 901 politicus.

645 919 762 966 Ped.
810 917 1046 965 Factus?
1088 918 1206 965 Imo
1248 922 1406 965 natus
1450 933 1459 964 :
1503 933 1666 976 quem
1707 922 1896 965 natura
1936 917 2051 978 ipsa
2089 915 2244 965 finxit

582 999 852 1043 oratorem.
879 994 1041 1042 Bonus
1075 999 1254 1042 autem
1289 997 1444 1041 orator
1476 997 1541 1041 est
1571 993 1776 1042 ciuitatis
1807 994 2044 1041 oraculum
2069 1011 2085 1041 .·
2109 998 2241 1042 teste

582 1071 870 1120 Oratorum
896 1071 1115 1119 oraculo
1137 1070 1397 1119 Cicerone
1416 1076 1618 1118 nostro.
1641 1068 1748 1118 Sed
1766 1086 1986 1131 pergam
2006 1070 2063 1118 in
2081 1086 2241 1118 cursu

581 1148 843 1196 instituto.
872 1146 1072 1205 Tertio,
1095 1147 1139 1195 si
1160 1153 1471 1207 aegrotarem
1492 1146 1804 1207 aliquand0‚
1831 1163 1962 1195 vxor
1980 1153 2059 1195 est
2076 1146 2240 1195 medi-

580 1225 754 1272 cinale
780 1223 1041 1284 quiddam
1066 1239 1077 1282 ;
1103 1224 1397 1286 praesertim
1424 1224 1479 1271 in
1503 1222 1655 1282 febri,
1682 1223 1772 1272 vbi
1798 1224 1910 1271 sitis
1936 1230 2138 1285 regnat.

642 1302 766 1349 DrO.
811 1301 1260 1349 Pestilentissima
1299 1299 1416 1349 haec
1455 1300 1618 1349 febris
1663 1306 1758 1359 est,
1801 1317 1922 1361 quae
1961 1300 2238 1350 foeminam

580 1378 705 1426 sitit.

639 1455 760 1502 Ped.
812 1454 1036 1516 Quarto,
1079 1454 1238 1503 nobis
1284 1453 1539 1503 studiosis
1584 1470 1715 1502 vxor
1772 1453 2109 1503 medicamen
2161 1460 2240 1504 est

580 1537 765 1580 contra
789 1530 1208 1580 melancholiam
1233 1529 1277 1578 ἅτ
1299 1530 1628 1593 phrenesim,
1656 1547 1777 1591 quae
1811 1531 1969 1580 nobis
1994 1531 2240 1581 imminet

578 1608 1023 1670 contemplationi
1048 1607 1261 1656 deditis.

637 1686 760 1733 Dro.
790 1685 970 1733 Etiam
1004 1691 1061 1733 vt
1095 1691 1271 1734 contra
1307 1684 1609 1746 plethoram
1646 1684 2046 1746 san-[51]guinis
2080 1685 2236 1735 inter-

576 1760 727 1820 dum,
765 1762 809 1809 si
845 1762 1044 1809 saeviat.
1074 1760 1180 1810 Sed
1205 1761 1320 1815 haee
1345 1767 1483 1810 esset
1506 1762 1802 1823 impropria
1835 1762 2163 1824 praedicatio,
2192 1763 2236 1811 si

575 1836 796 1887 inferius
822 1838 898 1886 sic
922 1837 1302 1899 praedicaretur
1325 1837 1391 1886 de
1417 1854 1515 1886 suo
1541 1839 1819 1899 superiori.

635 1915 756 1963 Ped.
802 1914 1026 1976 Quinto,
1069 1915 1173 1963 nisi
1218 1914 1401 1962 fierem
1447 1915 1686 1972 maritus,
1735 1915 1993 1976 garrirent
2036 1915 2231 1977 plebeij

573 1990 821 2040 homines
863 1990 1190 2041 Pedantium
1232 2007 1346 2039 esse
1389 1990 1738 2041 Eunuchum.
1775 1991 1929 2040 Vah!
1973 1992 2121 2053 quod
2157 1999 2235 2042 θεῖ

570 2066 938 2117 falsissimum.
966 2068 1086 2116 Vah
1110 2068 1119 2115 l

633 2145 756 2193 Dro.
788 2146 924 2193 Haec
947 2146 1082 2193 ratio
1107 2161 1219 2193 non
1243 2150 1323 2193 est
1346 2145 1603 2193 coactiva.
1634 2145 1777 2193 Nam
1813 2146 1969 2195 multi
1997 2145 2232 2207 philoso-

571 2220 683 2283 phi,
712 2223 805 2282 qui
830 2238 942 2271 non
967 2228 1117 2270 erant
1141 2221 1389 2280 maritati‚
1416 2221 1659 2271 fecerunt
1681 2228 1864 2270 tamen
1888 2239 2025 2284 opus
2054 2229 2231 2273 natur-

571 2298 889 2358 alissimum,
914 2298 968 2347 id
988 2305 1082 2357 est,
1105 2304 1429 2360 generarunt
1447 2298 1549 2347 sibi
1569 2299 1800 2347 similem
1821 2315 1831 2359 ;
1864 2299 2012 2359 quod
2045 2300 2229 2349 Eunu-

571 2374 685 2425 chis
705 2392 815 2424 non
835 2376 1109 2438 competit,
1134 2381 1275 2424 certe
1294 2379 1377 2437 per
1393 2391 1436 2423 se
1456 2393 1471 2423 :
1491 2374 1586 2423 sed
1605 2375 1743 2424 bene
1767 2374 1900 2424 forte
1919 2380 2002 2438 per
2019 2376 2226 2438 aliu[m].

571 2452 746 2501 Causa
787 2458 934 2514 patet
971 2469 982 2500 :
1019 2468 1216 2514 nempe
1255 2458 1473 2513 propter
1512 2451 1782 2501 defectum
1824 2469 1999 2502 causae
2039 2454 2228 2503 instru-

569 2530 837 2578 mentalis.
876 2530 1022 2591 Ergo
1057 2545 1170 2578 non
1204 2529 1445 2589 sequitur
1478 2546 1508 2577 a
1543 2546 1655 2578 non
1688 2536 1906 2578 vxorato
1938 2529 2007 2579 ad
2043 2531 2229 2580 Eunu-

568 2605 751 2655 chum.
1698 2608 1703 2612 ’

628 2684 749 2732 Ped.
779 2683 957 2741 Sexto,
986 2683 1118 2743 quid
1143 2689 1222 2732 est
1243 2699 1338 2744 per
1356 2681 1487 2731 deos
1506 2683 1835 2732 immortales
1854 2683 1985 2744 (non
2003 2700 2226 2746 possum

568 2759 712 2808 enim
750 2776 835 2807 me
868 2760 1159 2817 continere,
1196 2760 1329 2818 quin
1369 2758 1675 2820 exclamem)
1715 2759 1913 2814 autad
1953 2760 2226 2809 utilitatem

570 2835 888 2897 Reipublicae
927 2835 1302 2894 commodius3
1345 2842 1437 2884 aut
1476 2834 1545 2883 ad
1583 2836 1915 2896 voluptatem
1956 2836 2224 2885 bonorum

568 2913 812 2961 omnium
865 2911 1178 2974 jucundius,
1227 2918 1320 2960 aut
1363 2910 1431 2959 ad
1483 2912 1709 2972 gloriam
1767 2913 2003 2960 nominis
2058 2914 2225 2961 nostri

566 2988 920 3050 splendidius,
948 3006 1112 3049 quam
1137 2989 1439 3048 relinquere
1475 2988 1670 3036 seculis
1703 2989 1940 3037 venturis
1975 3006 2155 3038 veram
2181 2989 2224 3038 δε

564 3066 742 3114 vivam
769 3066 1060 3127 imaginem
1087 3063 1653 3125 Pedantij?haeredem
1678 3065 1934 3114 virtutum
1960 3083 2218 3126 mearum,

566 3141 608 3188 δε
633 3143 783 3191 istius
807 3143 1015 3204 prolem
1046 3141 1248 3203 patris?
1274 3141 1508 3200 Denique
1534 3140 1630 3201 [52]
1658 3140 1789 3200 quid
1816 3142 2023 3204 Oratorj
2050 3144 2221 3205 magis

564 3220 942 3276 necessarium,
972 3235 1136 3278 quarn
1172 3217 1358 3278 lingua
1390 3222 1702 3278 promptum
1738 3235 1871 3277 esse,
1909 3236 2030 3280 quae
2064 3219 2222 3269 nobis

428 3309 523 3356 920
568 3300 648 3344 est
668 3310 829 3357 prora
852 3293 895 3343 ἃ
918 3293 1156 3358 puppis?
1180 3293 1513 3355 Conjugatus
1536 3309 1661 3342 vero
1692 3293 1847 3344 binas
1881 3296 1937 3345 in
1969 3302 2227 3360 promptu
