2444 4140
665 443 975 499 Pedantius
998 445 1078 500 A.
1107 454 1207 500 IV.
1236 446 1327 500 Se.
1356 454 1452 500 IV.
1893 446 1959 502 61

161 612 283 658 2140
324 596 433 646 duo
457 597 557 646 sub
582 597 771 646 eodem
792 598 919 659 jugo
943 599 1195 661 conjugij,
1222 616 1347 648 nam
1375 598 1549 660 Lydia
1570 600 1720 661 virgo
1743 599 1963 649 habebit

322 673 529 734 Lydium
558 674 754 735 lapidem
779 674 875 733 (sic
898 674 1041 722 enim
1067 691 1151 723 me
1174 674 1526 724 nominabant
1550 676 1679 724 olim
1702 675 1961 724 Academ-

326 748 410 805 ici,
453 754 668 809 propter
717 749 1129 798 sincerissimam
1175 766 1419 798 normam
1464 749 1690 812 judicij).
1736 751 1958 810 Iamque

319 823 440 884 juro
464 823 559 871 tibi
582 840 677 884 per
699 830 845 872 tuam
870 825 1224 885 virginitatem
1251 825 1357 886 (cui
1392 842 1477 874 me
1511 825 1756 887 pluribus
1790 827 1958 874 nomi-

322 898 482 947 nibus
515 897 824 947 devinctum
858 899 1035 958 video)
1060 917 1170 948 non
1203 900 1343 960 igne,
1370 917 1481 949 non
1503 918 1659 961 aqua,
1687 918 1798 950 non
1821 918 1957 960 aere,
2048 956 2053 963 ⁴

159 973 279 1034 2145
324 990 435 1021 non
467 980 620 1032 terra,
657 990 768 1022 non
807 975 937 1022 caelo
972 991 1056 1023 me
1090 975 1334 1036 pluribus
1367 976 1500 1025 locis
1533 993 1769 1035 vsurum,
1796 993 1959 1037 quam

323 1055 502 1097 nostra
524 1050 773 1097 amicitia.
803 1050 902 1098 Nae
923 1055 981 1098 tu
1006 1067 1150 1099 nunc
1173 1067 1293 1099 vere
1316 1051 1464 1112 virgo
1488 1052 1715 1100 Vestalis
1740 1068 1796 1100 es
1817 1067 1829 1110 ;
1850 1068 1960 1100 non

322 1124 449 1183 quia
471 1124 707 1173 vestibus
726 1124 928 1182 induta,
950 1125 1043 1173 sed
1061 1127 1187 1185 quia
1205 1127 1599 1175 sanctissimum
1617 1127 1762 1176 hunc
1779 1127 1958 1188 ignem

322 1200 645 1259 pectoralem
670 1201 865 1248 amoris
889 1201 994 1248 mei
1016 1200 1164 1249 foves
1187 1201 1230 1248 &
1252 1201 1535 1250 refocillas.

379 1275 506 1336 Lyd.
534 1274 657 1323 Tibi
691 1274 837 1335 quod
870 1282 1078 1337 gratum
1114 1282 1207 1335 est,
1245 1276 1376 1325 mihi
1409 1276 1452 1324 ἅτ
1492 1276 1632 1326 idem
1667 1283 1745 1325 est
1777 1277 1957 1338 gratis·

158 1347 280 1397 2150
323 1348 537 1397 simum.
1599 1363 1602 1366 ’

382 1425 500 1472 Ped.
529 1425 831 1486 Eleganter,
854 1426 1109 1474 utomnia
1126 1442 1138 1485 3
1157 1432 1261 1474 tres
1286 1427 1481 1475 Gratiae
1503 1432 1628 1476 sunt
1650 1428 1706 1476 in
1728 1427 1952 1485 labellis,

321 1498 364 1546 &
386 1500 570 1549 videor
592 1501 724 1550 mihi
758 1518 847 1550 ore
880 1508 972 1551 tuo
1004 1519 1114 1551 non
1136 1504 1200 1550 M
1201 1519 1342 1559 ussas,
1371 1501 1464 1551 sed
1485 1504 1655 1551 Musas
1677 1503 1956 1563 loquentes

321 1575 504 1626 audire
542 1593 552 1624 :
589 1577 855 1626 anhelitus
892 1583 1016 1626 tuus
1056 1585 1134 1626 est
1166 1595 1355 1627 aurum
1388 1578 1623 1639 potabile
1661 1594 1672 1625 ε
1709 1577 1787 1626 Te
1826 1577 1955 1627 dum

320 1651 481 1710 fruor,
509 1652 564 1700 in
598 1653 801 1714 campis
835 1670 953 1701 sum
990 1653 1188 1714 Elysijs
1215 1669 1225 1700 :
1254 1653 1389 1701 Caro
1423 1659 1514 1701 tua
1547 1652 1844 1702 remedium
1878 1659 1956 1701 est

156 1726 276 1776 2155
321 1734 504 1775 contra
538 1743 747 1776 morsus
781 1727 980 1789 aspidis
1003 1727 1270 1784 (videlicet
1298 1728 1493 1776 amoris
1517 1728 1621 1776 mei
1648 1727 1683 1788 z)
1708 1713 1955 1788 Denique
1979 1753 1982 1757 -

320 1802 399 1863 (ut
437 1802 748 1852 contraham
789 1804 970 1851 omnia
1009 1800 1496 1865 in'compendium,
1535 1819 1629 1852 seu
1664 1802 1955 1864 epitomen)

319 1884 377 1927 tu
417 1895 472 1927 es
513 1878 640 1939 [123]
681 1880 1169 1927 accumulatissima
1208 1878 1457 1940 quaedam
1499 1879 1784 1940 Cornucopia
1816 1895 1953 1927 mea,

321 1954 498 2016 Quare
542 1971 653 2003 non
697 1954 891 2013 dicam,
940 1955 1018 2016 (ut
1074 1954 1394 2016 Pamphilus
1450 1955 1538 2002 ille
1583 1954 1955 2007 Terentianus)
2025 1953 2054 1960 ”

318 2030 546 2088 valeant,
594 2029 687 2078 sed
731 2036 870 2079 certe
913 2036 1148 2092 pereant,
1197 2031 1289 2090 qui
1334 2030 1469 2078 inter
1521 2046 1620 2078 nos
1674 2028 1955 2079 dissidium

156 2107 278 2154 2160
319 2106 524 2155 volunt.

384 2183 499 2230 Tus,
528 2182 615 2230 Sic
638 2183 806 2243 gestio
830 2198 938 2243 prae
971 2182 1165 2239 laetitia,
1194 2187 1252 2230 ut
1273 2182 1361 2229 vix
1385 2198 1503 2230 sum
1538 2180 1682 2242 apud
1715 2197 1818 2229 me.
1844 2181 1955 2229 Vos

321 2258 502 2306 Venus
525 2257 568 2304 &
594 2258 731 2306 Iuno
755 2263 1014 2306 maturate
1037 2257 1141 2306 hoc
1164 2257 1583 2306 matrimonium,

378 2334 508 2381 Lud.
545 2333 766 2393 Aliquid
803 2332 846 2380 &
879 2333 1011 2382 mihi
1050 2349 1114 2381 ex
1152 2333 1252 2381 hac
1291 2349 1345 2380 re
1379 2332 1512 2380 lucri
1550 2331 1782 2392 contigit.
1811 2332 1953 2380 Nam

318 2408 434 2457 haec
455 2409 770 2469 virguncula
798 2408 1061 2469 mitigabit
1085 2408 1179 2469 (vti
1212 2407 1387 2469 spero)
1411 2423 1522 2455 non
1554 2406 1688 2455 nihil
1725 2407 1875 2455 istius
1898 2406 1954 2454 in

155 2484 274 2533 2165
318 2485 478 2545 virgis
516 2483 559 2531 δε
596 2484 768 2546 plagis
806 2483 1038 2537 validam
1078 2482 1233 2531 valde
1276 2483 1595 2539 virilitatem,
1637 2481 1680 2528 &
1724 2488 1951 2530 matrum

316 2566 616 2609 nostrarum
640 2560 845 2608 minuet
867 2559 1110 2619 querelas
1134 2564 1317 2607 contra
1342 2557 1671 2606 severitatem
1696 2557 1826 2618 ejus.

379 2637 507 2697 Lyd.
557 2635 690 2696 Ego,
739 2641 797 2684 ut
839 2634 942 2683 hoc
985 2634 1204 2683 homine
1247 2632 1527 2695 repudiato
1558 2632 1950 2681 inertissimum

319 2711 472 2759 illum
498 2710 789 2759 Crobolum
814 2711 1081 2771 eligerem,
1111 2710 1405 2770 Nunquam
1429 2708 1639 2757 faciam.
1665 2709 1747 2756 Ad
1769 2710 1954 2756 corvos!

320 2787 524 2835 Crobole.
716 2850 719 2851 ⁷

156 2874 277 2923 2170
378 2863 498 2910 Ped.
527 2863 652 2910 Hoc
682 2860 900 2922 quidem
935 2867 1071 2910 esset
1103 2861 1157 2908 ab
1190 2859 1315 2920 equis
1346 2861 1409 2907 ad
1440 2859 1588 2907 asinos
1611 2858 1690 2920 (ut
1721 2857 1950 2918 dicitur).

322 2939 508 2997 Itaque
548 2938 613 2999 (si
646 2954 732 2986 me
766 2935 934 2996 amas)
969 2935 1102 2985 illud
1140 2934 1413 2997 putridum
1452 2934 1667 2983 brutum
1706 2932 1978 2989 detestari,

319 3011 482 3061 debes
506 3012 629 3061 odio
652 3014 940 3074 plusquam
957 3012 1262 3061 Vatiniano.
1285 3011 1445 3058 Esses
1464 3027 1586 3058 cum
1606 3025 1668 3057 eo
1690 3008 1946 3066 CulinariS,

319 3104 530 3137 mecum
555 3088 656 3136 eris
681 3088 908 3137 Curialis.
935 3088 1124 3135 Vtrum
1148 3086 1339 3135 horum
1364 3085 1548 3143 mavis,
1575 3085 1773 3146 accipe.

376 3164 504 3225 Lyd.
527 3164 644 3224 Ego
668 3164 767 3211 nisi
794 3170 861 3221 te,
889 3163 1012 3211 volo
1037 3162 1307 3210 neminem
1332 3177 1343 3220 ;
1370 3161 1484 3210 sine
1507 3176 1615 3220 quo
1635 3160 1795 3207 vitam
1820 3157 1952 3208 mihi

155 3237 274 3300 2175
317 3238 562 3288 acerbam
586 3238 798 3288 ducam.
828 3238 955 3300 [124]

376 3315 495 3362 Ped.
543 3315 687 3377 Ergo
731 3314 987 3378 quoniam
1033 3329 1180 3362 mora
1229 3311 1386 3361 trahit
1433 3311 1732 3375 periculum
1776 3309 1948 3371 (juxta
