2444 4140
524 361 592 415 24
969 342 1284 398 Pedantius
1307 343 1388 398 Α.
1417 352 1489 396 ΙΙ.
1515 344 1610 399 Se.
1635 353 1708 397 ΙΙ.

380 502 473 549 810
517 498 719 558 adesse,
748 498 841 559 qui
866 514 987 546 sum
1012 497 1068 546 in
1092 497 1346 548 omnibus
1365 499 1642 548 nocturnis
1666 498 1863 561 vigilijs
1885 498 2175 548 truculent-

517 577 732 625 issimus
757 580 942 623 contra
965 574 1201 623 latrones
1226 574 1374 623 istos.

577 654 697 701 Ped.
733 651 908 712 Agite,
947 651 1207 710 quoniam
1248 652 1503 713 scopulos
1542 653 1873 714 praetervecti
1910 651 2173 714 periculo-

515 746 653 787 rum,
681 744 796 776 esse
822 727 927 775 iam
953 727 1009 775 in
1033 726 1171 776 vado
1195 726 1443 777 videmur
1465 729 1883 789 tranquillitatis,
1911 734 2175 790 reportate

516 806 622 853 iam
647 803 872 853 domum
897 802 1078 852 denuo
1102 803 1219 852 haec
1241 803 1488 854 Achillea
1512 822 1661 854 arma
1685 811 1866 854 nostra
1888 821 1899 865 ;
1938 804 1981 852 ἃ
2006 805 2048 853 si
2076 820 2176 865 ego

379 883 470 932 815
514 883 599 931 vel
622 885 679 940 st,
707 882 809 939 vel,
837 881 936 928 hem
967 881 1348 940 inclamavero,
1376 882 1634 931 accurrite
1668 899 1852 932 rursus
1886 881 2176 944 pugnaturi

514 965 774 1019 tanquam
798 973 896 1020 pro
921 958 1026 1006 aris
1050 956 1094 1004 δε
1115 956 1269 1006 focis.

576 1037 707 1084 Lud.
738 1035 941 1096 Iupiter
976 1034 1191 1096 optimus
1225 1034 1470 1083 maximus
1503 1041 1697 1095 arceat,
1724 1042 1968 1085 coerceat
2003 1035 2176 1084 inimi-

515 1128 607 1161 cos
633 1118 774 1161 tuos‚

577 1190 697 1237 Ped.
725 1189 1004 1247 Ausculta,
1028 1187 1269 1247 obsecrO,
1297 1187 1505 1250 lepidas
1528 1190 1682 1251 pueri
1707 1189 1999 1251 elegantias
2022 1205 2034 1248 ;
2059 1205 2178 1250 pro-

380 1270 473 1318 820
517 1265 755 1328 gredere.

576 1344 708 1392 Lud.
739 1342 959 1404 Iupiter,
982 1342 1224 1402 inquam,
1248 1343 1394 1391 iuvet
1410 1348 1478 1399 te,
1506 1342 1752 1392 Minerva
1771 1343 1980 1392 minuat
1998 1341 2178 1391 hostes

516 1436 891 1480 quoscunque,
922 1420 1104 1467 Pallas
1139 1418 1208 1467 ad
1241 1420 1505 1481 pallorem
1540 1425 1746 1479 terreat,
1778 1419 1924 1468 Mars
1958 1418 2002 1466 &
2029 1419 2176 1467 Mors

515 1495 867 1559 pessundent.
898 1497 1155 1554 Tantarra,
1182 1497 1395 1545 Bownce.

578 1575 699 1622 Ped.
729 1574 901 1634 Euge,
940 1573 1075 1621 nihil
1112 1589 1311 1635 supra:
1350 1573 1366 1621 i
1399 1572 1538 1635 pede
1576 1573 1771 1623 fausto.
1812 1574 1876 1622 In
1909 1573 1989 1621 hoc
2022 1573 2180 1635 plures

379 1651 470 1702 825
516 1651 676 1699 insunt
695 1650 940 1711 Pedantij.

577 1730 708 1776 Lud.
739 1728 860 1776 Nisi
886 1726 1155 1776 interdum
1180 1727 1456 1777 blandulis
1483 1729 1646 1778 istum
1671 1728 1954 1778 delinirem
1978 1727 2173 1786 verbis,

516 1821 798 1865 nunquam
823 1804 1113 1853 abstineret
1147 1821 1178 1852 a
1211 1804 1523 1854 verberibus
1551 1822 1562 1853 :
1601 1822 1729 1854 nam
1762 1811 2036 1865 vtcunque
2069 1803 2175 1853 fus-

513 1882 610 1929 tim
637 1880 734 1943 [47]
762 1881 1039 1942 ignaviter,
1066 1881 1272 1942 virgam
1298 1898 1437 1930 certe
1462 1881 1636 1930 vibrat
1659 1882 1880 1931 viriliter
1902 1880 2077 1930 valde.

578 1959 698 2006 Ped.
724 1957 916 2006 Ludite.
1233 1959 1365 2006 Lud.
1392 1959 1519 2006 Blet.
1550 1959 1761 2007 Gratias.

380 2036 473 2084 830
577 2036 708 2083 Lud.
761 2032 923 2096 Quod
970 2034 1014 2082 si
1063 2034 1199 2082 vltra
1244 2040 1350 2083 tres
1398 2035 1585 2097 plagas
1631 2036 1829 2094 saeviat,
1879 2050 2177 2095 conquerar

516 2112 689 2160 matri.
730 2111 831 2159 Illa
864 2110 1076 2172 jubebit
1114 2117 1322 2172 patrem
1365 2129 1547 2161 meum
1592 2118 1745 2161 :tum
1778 2118 1929 2174 pater
1963 2129 2088 2161 eum
2122 2112 2176 2159 in

510 2189 599 2250 jus
643 2187 858 2236 vocabit
904 2204 1084 2236 coram
1133 2187 1338 2247 Iudice,
1382 2189 1475 2249 qui
1520 2188 1815 2250 flagellabit
1861 2205 2177 2239 crumenam
2201 2203 2216 2237 ς

518 2265 870 2326 Praeceptoris
893 2281 1062 2325 vsque
1087 2263 1156 2312 ad
1179 2266 1518 2326 sanguinem.

576 2342 703 2390 Blet.
734 2341 954 2399 Eamus,
983 2341 1224 2401 inquam,
1253 2342 1444 2390 valete.

379 2418 470 2467 835
576 2419 697 2466 Ped.
749 2418 913 2466 Nunc
958 2417 1002 2466 si
1047 2423 1098 2466 te
1144 2424 1432 2478 attentum,
1480 2418 1808 2468 benevolum
1864 2417 1909 2466 &
1953 2417 2177 2468 docilem

512 2494 778 2557 praebebis
803 2496 945 2556 (quae
967 2495 1067 2543 tria
1100 2496 1402 2544 necessario
1428 2496 1773 2556 requiruntur
1804 2495 1861 2544 in
1893 2494 2176 2550 Auditore)

515 2589 783 2634 exponam
827 2571 925 2620 tibi
971 2589 1096 2621 cum
1142 2573 1435 2622 universim
1482 2590 1686 2632 omneS,
1737 2579 1854 2623 tum
1900 2573 2176 2635 sigillatim

515 2649 756 2710 singulas
781 2649 937 2710 (quas
961 2649 1131 2698 celavi
1155 2655 1205 2698 te
1229 2649 1512 2711 hactenus)
1538 2667 1727 2699 causas
1752 2650 1950 2699 amoris
1985 2650 2171 2698 nostri.

575 2727 698 2774 Dro.
728 2726 852 2774 Scio
877 2726 1271 2786 ignorationem
1297 2743 1580 2775 causarum
1619 2728 1851 2776 Matrem
1887 2743 2002 2775 esse
2038 2742 2175 2775 erro-

378 2804 471 2865 840
513 2803 584 2851 ris
607 2819 618 2861 ;
647 2801 753 2851 Sed
777 2801 899 2851 vide
925 2819 993 2851 ne
1016 2819 1189 2864 ponas
1212 2819 1301 2851 non
1334 2819 1518 2851 causam
1541 2807 1627 2865 pro
1662 2819 1813 2861 causa,
1842 2802 1886 2850 δε
1911 2819 2176 2865 apparens

515 2879 720 2928 bonum
746 2895 843 2941 pro
870 2896 994 2928 vero
1019 2879 1195 2939 bono;
1233 2897 1360 2928 nam
1395 2880 1534 2928 sicut
1565 2881 1701 2927 stella
1735 2882 1897 2928 cadens
1930 2880 2076 2941 (licet
2110 2880 2177 2927 sit

517 2955 734 3017 cadens)
759 2962 942 3004 tamen
965 2972 1077 3004 non
1101 2962 1179 3004 est
1203 2956 1357 3004 stella
1385 2972 1394 3003 :
1423 2956 1499 3004 sic
1533 2955 1730 3004 bonum
1767 2973 2032 3018 apparens
2057 2955 2174 3017 (etsi

514 3032 798 3095 apparens)
825 3039 1007 3082 tamen
1031 3049 1143 3081 non
1168 3038 1246 3080 est
1269 3032 1476 3082 bonum
1505 3049 1515 3080 ι
1543 3033 1889 3094 praeambulis
1915 3033 2028 3081 istis
2052 3050 2174 3095 sup-

514 3111 720 3171 positis,
749 3111 927 3172 incipe
950 3109 1212 3158 foeliciter.

377 3187 468 3247 845
574 3188 695 3234 Ped.
724 3187 970 3235 Primum
1005 3185 1141 3234 illud
1176 3185 1452 3246 cognitum
1478 3185 1521 3232 &
1547 3184 1644 3248 [48]
1679 3193 2022 3249 perspectum
2046 3186 2173 3235 hab-

514 3279 619 3321 eas,
663 3280 748 3311 me
789 3280 900 3312 non
940 3263 1247 3311 titillantem
1300 3263 1448 3310 illam
1493 3261 1536 3308 &
1581 3262 1949 3313 lascivientem
1999 3263 2173 3312 carnis
