2444 4140
766 398 1075 473 Pedantius
1098 402 1179 470 Α.
1215 424 1273 468 V.
1298 401 1388 470 Se.
1418 423 1519 470 ΙΙΙ.
1979 406 2045 484 75

468 568 588 616 Ped.
628 568 850 626 Revera,
877 568 1051 629 legere
1084 568 1128 616 &
1161 585 1271 617 non
1306 569 1599 630 intelligere
1638 570 1906 631 negligere
1946 575 2041 618 est.

409 642 515 690 Sed
539 659 637 703 ego
661 643 914 692 libentius
938 644 994 692 in
1017 643 1165 692 libris
1189 644 1460 705 impressis
1482 661 1644 705 quam
1667 646 2045 707 Manuscriptis

406 719 597 779 versarj
626 720 790 777 soleo,
819 736 981 768 manu
1007 719 1198 769 diurna
1216 726 1601 780 nocturnaque.
1630 720 1839 769 Deinde
1857 719 2044 769 -vid-

243 796 365 855 2640
409 810 525 842 eam
551 793 794 842 Codicem
812 801 982 843 tuum.
1002 795 1198 844 Nonne
1216 794 1454 844 dicturus
1473 796 1653 844 eram?
1678 797 1758 844 Ita
1782 802 1875 845 est.
1900 795 2046 858 Quid

407 869 511 918 hoc
521 869 540 916 ?
551 869 682 929 quid
700 869 864 919 illud?
878 871 1030 919 Certe
1048 871 1233 919 scribis
1251 871 1404 931 quasi
1423 872 1667 933 scalpens
1679 873 1895 932 gallina.
1911 872 2046 934 Quis

409 961 648 1004 unquam
687 951 874 1006 praeter
912 952 962 994 te
1002 952 1094 995 aut
1133 946 1393 1007 Sibyllam
1433 947 1631 1008 legeret
1653 947 1672 996 ?
1708 947 1845 996 Vah.
1890 947 2045 996 Facis

409 1020 565 1068 literas
585 1021 808 1069 Iudaicas
830 1021 955 1082 (hoc
977 1022 1101 1070 volo
1125 1038 1248 1070 eum
1274 1038 1388 1070 esse
1410 1021 1659 1083 Iudaeum).

473 1095 574 1144 Gil.
603 1097 828 1156 Ignosce
852 1113 977 1145 vero
1001 1097 1133 1146 mihi
1157 1096 1223 1145 de
1247 1097 1551 1158 scriptione.
1581 1098 1696 1147 Nos
1719 1114 1831 1147 non
1860 1114 2047 1148 sumus

244 1170 364 1231 2645
410 1170 695 1220 scholares.
861 1165 865 1169 ⁴
1490 1209 1493 1212 .

470 1247 588 1295 Ped.
629 1248 855 1308 Ignosce
889 1253 946 1296 tu
980 1246 1112 1296 mihi
1145 1246 1211 1296 de
1252 1248 1535 1297 solutione.
1574 1249 1714 1310 Quia
1746 1250 1864 1298 Non
1895 1248 2047 1297 omnia

404 1327 642 1384 possumus
662 1339 827 1371 omnes.

473 1398 573 1447 Gil.
602 1399 740 1447 Satis
764 1399 967 1447 iocatus
991 1415 1064 1457 es,
1092 1399 1198 1448 iam
1232 1415 1343 1448 non
1376 1415 1555 1459 quaero
1586 1405 1643 1448 ut
1672 1400 1835 1460 legas,
1861 1398 1956 1448 sed
1989 1404 2048 1449 ut

408 1473 731 1535 respondeas
771 1475 924 1523 serio·
962 1475 1124 1524 Solue
1164 1475 1513 1535 quaestionem
1554 1491 1746 1534 meam,
1787 1474 2046 1524 solvendo

244 1549 367 1599 2650
409 1548 649 1599 debitum
674 1549 840 1598 libera
864 1566 1063 1599 nomen
1085 1556 1257 1599 tuum.
1286 1549 1431 1612 Quid
1453 1549 1743 1612 respondes
1763 1551 1782 1598 ?

468 1626 588 1673 Ped.
616 1624 937 1684 SimonideS,
963 1625 1094 1674 hum
1118 1625 1202 1683 ha,
1232 1625 1536 1674 Simonides
1559 1655 1619 1660 ——
1643 1625 1771 1686 [151]

434 1699 435 1702 ’
473 1701 574 1749 Gil.
619 1701 852 1759 Nomen,
896 1697 1042 1761 quod
1082 1717 1180 1762 ego
1220 1702 1452 1762 appello,
1494 1707 1573 1750 est
1615 1701 1890 1760 PedantiuS,
1936 1717 2047 1750 non

407 1777 682 1825 Simonides.
709 1793 824 1838 age.

469 1853 594 1911 Ped.,
613 1852 872 1901 Simonides
894 1852 951 1900 in
973 1851 1139 1901 ardua
1172 1852 1263 1900 illa
1291 1852 1585 1912 quaestione
1608 1851 1847 1909 HieroniS,
1881 1850 2044 1900 delib-

245 1927 364 1977 2655
409 1927 591 1976 erandi
617 1944 793 1986 causa,
822 1944 992 1976 unum
1016 1927 1117 1975 sibi
1141 1926 1283 1976 diem
1306 1928 1612 1989 postulavit,
1638 1926 1892 1988 postridie
1921 1943 2046 1975 vero

407 2002 633 2052 biduum
656 2003 822 2065 petijt,
850 2002 892 2050 ἃ
915 2002 1170 2064 deinceps
1194 2002 1487 2064 duplicavit
1510 2019 1794 2052 numerum
1818 2001 2043 2051 dierum.

411 2078 578 2127 Haud
602 2079 751 2127 aliter
774 2095 873 2139 ego
906 2079 961 2126 in
994 2078 1097 2127 hoc
1131 2078 1337 2127 nodosa
1370 2078 1781 2139 interrogatione
1809 2078 1919 2139 jam
1953 2077 2046 2126 diu

409 2154 823 2215 perplexibiliter
846 2160 1119 2203 contortus
1142 2170 1304 2215 cogor
1333 2171 1365 2202 a
1396 2160 1447 2202 te
1471 2154 1583 2215 (qui
1619 2170 1674 2202 es
1708 2154 1838 2202 alter
1865 2154 2046 2215 Tyran-

409 2246 495 2277 nus
526 2229 697 2290 Hiero)
732 2230 939 2290 aliquot
961 2229 1074 2278 dies
1108 2229 1176 2278 ad
1210 2228 1553 2290 cogitandum
1587 2229 1856 2290 postulare
1883 2245 1894 2276 ε
1920 2228 2047 2288 quia

244 2307 367 2355 2660
410 2311 611 2365 quanto
650 2304 852 2354 diutius
887 2304 1184 2363 considero,
1221 2310 1368 2354 tanto
1413 2304 1544 2353 mihi
1586 2321 1670 2353 res
1707 2303 1916 2353 videtur
1954 2303 2044 2352 ob·

410 2381 629 2430 scurior.
935 2443 939 2446 ἢ

475 2457 575 2505 Gil.
594 2456 863 2517 Ego-nihil
882 2472 1059 2505 moror
1072 2455 1418 2505 obscuritates
1435 2461 1570 2505 tuas.
1588 2455 1691 2504 Dic
1707 2455 2042 2516 planissime3

411 2531 675 2592 numquid
694 2548 803 2580 non
825 2530 1239 2593 persolvendum
1262 2538 1435 2593 putaS,
1462 2529 1608 2591 quod
1631 2529 1831 2579 debes?

469 2609 588 2656 Ped.
616 2608 756 2656 Scite
780 2614 918 2656 certe
942 2613 1001 2656 ut
1023 2607 1204 2656 omnia
1227 2623 1378 2656 meus
1404 2607 1588 2655 Cicero
1611 2623 1622 2654 :
1647 2607 1741 2654 Est
1755 2606 1879 2654 illud
1900 2604 2048 2654 animi

245 2683 365 2734 2665
409 2684 612 2746 ingenuj,
634 2684 709 2743 cuj
724 2684 920 2731 multum
936 2684 1074 2739 debes,
1096 2683 1237 2731 eidem
1254 2682 1511 2744 plurimum
1526 2682 1636 2730 velle
1652 2681 1801 2729 debere
1817 2697 1828 2729 :
1844 2697 1876 2729 a
1892 2681 2044 2742 cujus

410 2775 508 2820 ego
534 2760 694 2808 latere
719 2775 785 2807 ne
819 2759 986 2807 latum
1021 2757 1239 2818 quidem
1274 2774 1510 2819 unguem
1543 2756 1815 2806 discedere
1849 2762 2041 2805 statuo.

410 2834 516 2883 Sed
539 2841 720 2883 tamen
745 2835 943 2883 Omnia
965 2841 1178 2895 tempus
1210 2833 1410 2882 habent
1436 2849 1447 2881 :
1476 2833 1602 2881 Non
1636 2848 1843 2894 semper
1876 2830 2044 2892 fulget

411 2909 668 2969 Phoebus,
694 2927 794 2959 nec
818 2910 968 2959 adest
991 2926 1200 2971 semper
1222 2910 1404 2970 regina
1425 2908 1672 2970 pecunia.

474 2987 575 3034 Gil.
604 2986 691 3035 Oh
714 2986 723 3033 !
753 3003 897 3036 cares
920 2986 1149 3047 pecunia
1169 2985 1187 3032 ?
1208 2986 1278 3033 At
1300 2985 1509 3033 interim
1533 2983 1625 3033 ubi
1648 2982 1781 3032 fides
1801 2983 1820 3030 ?
1843 2981 1973 3044 [152]

247 3063 369 3123 2670
470 3062 590 3110 Ped.
620 3061 747 3110 Non
771 3068 849 3110 est
881 3060 1026 3123 apud
1048 3062 1227 3109 Poenos.
1257 3060 1398 3108 Nam
1430 3060 1461 3120 ij
1499 3065 1622 3108 sunt
1653 3057 1932 3118 foedifragi.
1961 3058 2043 3106 De

322 3163 326 3167 ⁴
410 3153 528 3185 mea
542 3153 667 3186 vero
681 3136 786 3185 fide
804 3143 913 3185 tota
930 3137 1097 3198 patria
1116 3136 1368 3196 loquitur,
1388 3135 1680 3195 loquuntur
1693 3149 1880 3182 omnes
1894 3133 2041 3182 boni.

411 3211 517 3261 Sed
540 3210 644 3261 hoc
667 3211 886 3273 quidem
909 3218 1147 3274 tempore
1172 3212 1309 3261 ultra
1330 3226 1487 3273 posse
1510 3226 1621 3259 non
1644 3215 1722 3259 est
1744 3225 1878 3259 esse.
