2444 4140
413 809 536 857 2180

411 1190 532 1240 2185

406 1588 530 1635 2190

408 1957 530 2019 2195

406 2355 530 2391 2200

407 2722 528 2773 2205

405 3120 529 3153 2210

585 424 654 479 62
1001 418 1315 475 Pedantius
1338 420 1419 475 A.
1448 430 1546 476 IV.
1574 421 1668 476 Se.
1694 431 1795 474 IV.

581 576 823 638 regulam
847 573 1148 636 vulgarem)
1172 575 1369 637 perfice
1394 575 1509 626 haec
1532 577 1778 638 protinus
1798 607 1857 612 —
1874 579 2059 640 Semper
2077 579 2243 628 acerbae

579 656 689 701 sunt
713 652 763 700 in
795 653 966 701 Amore
989 668 1139 700 morae.
1168 651 1355 713 (more,
1384 669 1550 711 more,
1581 653 1766 703 Eccho
1790 660 2005 704 resonat
2029 655 2085 704 in
2109 671 2240 704 voce

580 727 806 788 Vltima).

639 806 768 867 Lyd.
786 804 1022 853 Parvula
1040 803 1291 865 quaedam
1310 810 1471 854 restat
1489 806 1647 855 nobis
1666 806 1766 855 ista
1785 807 1841 855 in
1860 824 1914 856 re
1934 807 2238 858 difficultas.

581 882 724 930 Nam
750 897 913 929 senex
936 880 1024 930 hic
1049 881 1193 930 intus
1225 880 1530 943 decrepitus
1567 882 1899 950 Charondas,
1928 884 2031 934 nisi
2066 885 2241 934 minas

579 958 807 1020 accipiat
831 957 1062 1019 triginta,
1094 957 1320 1007 liberam
1346 975 1432 1007 me
1456 975 1568 1008 non
1592 958 1842 1009 dimittet.

639 1036 771 1084 Lud.
795 1034 988 1096 Papae!
1005 1035 1267 1096 jugu1asti
1290 1034 1587 1084 hominem.

638 1113 759 1161 Ped.
787 1110 1064 1172 Triginta?
1090 1104 1259 1161 Hunc
1278 1112 1426 1160 solve
1451 1111 1676 1162 nodum.
1707 1113 1823 1161 Iam
1849 1113 2062 1163 animus
2087 1114 2241 1163 estin

577 1188 744 1239 dubio
767 1204 779 1248 3
806 1188 1094 1250 scrupulus
1119 1188 1207 1237 hic
1227 1205 1312 1237 me
1333 1188 1474 1237 male
1493 1188 1671 1238 habet.
1695 1188 1802 1238 Sed
1821 1189 2071 1250 nunquid
2092 1190 2239 1252 Trig-

576 1265 688 1314 inta
707 1265 726 1313 ?

638 1343 766 1405 Lyd.
794 1341 1055 1403 Triginta,
1083 1358 1184 1390 nec
1209 1341 1371 1390 obolo
1397 1342 1595 1391 minus.
1627 1342 1893 1403 Nunquid
1917 1348 1975 1392 tu
2004 1342 2238 1403 Lydiam

574 1424 724 1468 tuam
750 1417 974 1467 minoris
999 1418 1275 1467 estimares
1296 1419 1314 1466 ?

635 1496 756 1544 Ped.
804 1495 922 1543 Imo
962 1494 1150 1556 pluris.
1195 1493 1303 1543 Sed
1348 1494 1444 1543 tibi
1491 1494 1675 1544 darem
1721 1495 1903 1557 potius
1949 1513 2112 1556 quam
2161 1497 2239 1545 illi

574 1571 861 1630 silicernio,
920 1571 1014 1632 qui
1053 1571 1199 1620 cernit
1237 1571 1386 1620 silices
1429 1570 1733 1633 decrepitus
1778 1572 2029 1621 carnifex.
2086 1574 2240 1622 Hum

575 1649 793 1710 triginta
812 1648 831 1695 ?
847 1647 1006 1697 Vnde
1027 1648 1045 1695 ?

638 1727 766 1788 Lyd.
797 1725 999 1786 Magna
1023 1731 1163 1773 certe
1198 1741 1282 1773 res
1316 1725 1490 1786 agitur
1529 1742 1538 1773 :
1577 1742 1688 1774 non
1728 1726 1864 1774 solet
1903 1726 2000 1774 iste
2041 1726 2112 1775 ita
2146 1726 2239 1776 diu

576 1802 892 1860 deliberare,
921 1800 1183 1861 quicquid
1207 1807 1286 1850 est
1310 1799 1448 1850 bene
1474 1808 1688 1850 coctum
1714 1800 1881 1850 dabit.

639 1880 759 1928 Ped.
791 1878 1062 1926 Homines
1098 1894 1287 1926 omnes
1321 1878 1634 1938 quicunque
1668 1877 1796 1939 [125]
1833 1880 2239 1940 qualescunque

579 1956 701 2015 sint,
751 1956 1042 2016 interrogat
1097 1972 1244 2004 nunc
1302 1954 1616 2013 Pedantius,
1665 1954 1934 2015 numquid
1989 1956 2240 2006 authores

574 2032 751 2081 omnis
785 2032 996 2093 generis
1031 2031 1417 2089 exactissimos,
1457 2032 1697 2089 Graecos,
1740 2032 1982 2090 Latinos,
2016 2039 2237 2092 veteres,

573 2109 873 2158 neotericos
913 2125 1157 2156 coemere
1198 2108 1366 2156 velint
1406 2106 1591 2156 hodie.
1638 2108 1759 2156 Hos
1801 2125 1924 2156 cum
1968 2109 2093 2157 satis
2127 2109 2238 2171 jam

574 2201 842 2248 superque
867 2183 935 2233 ad
959 2184 1445 2246 contemplativum
1470 2201 1629 2233 usum
1655 2184 1904 2246 legendo,
1933 2185 2236 2244 scribendo,

574 2260 995 2311 commentando
1038 2261 1360 2318 ornaverim,
1400 2260 1443 2307 δε
1477 2261 1920 2310 annotationibus
1955 2262 2239 2323 marginal-

575 2339 695 2388 ibus
734 2344 994 2398 tanquam
1034 2338 1264 2398 gemmis
1305 2343 1396 2386 aut
1437 2337 1605 2386 stellis
1640 2336 2026 2396 deauraverim,
2063 2339 2240 2400 placet

575 2432 722 2464 nunc
747 2413 815 2463 ad
835 2414 1068 2463 activum
1090 2413 1255 2462 finem
1277 2413 1486 2462 referre.
1509 2415 1579 2462 At
1597 2414 1781 2463 nullus
1805 2420 1884 2462 est
1905 2415 2240 2475 praestantior

578 2498 745 2550 actus,
795 2508 959 2551 quam
1006 2490 1110 2540 hoc
1151 2491 1330 2552 ipsum
1371 2490 1575 2541 nubere
1620 2507 1630 2538 :
1675 2490 1779 2540 hoc
1819 2491 2058 2540 nummis
2103 2491 2239 2540 effici

572 2574 765 2631 potest,
793 2574 1040 2617 artenon
1074 2573 1268 2629 potest.
1295 2568 1498 2616 Asinus
1533 2573 1761 2617 onustus
1796 2583 1944 2626 auro,
1971 2568 2055 2616 vel
2091 2584 2239 2617 arces

573 2647 716 2708 ipsas
757 2644 1107 2707 expugnabit,
1146 2643 1189 2692 δε
1224 2661 1324 2705 ego
1362 2644 1427 2706 (si
1463 2660 1660 2704 magna
1699 2644 1878 2705 parvis
1913 2660 2238 2706 componere

574 2722 719 2783 licet)
765 2721 907 2771 hanc
953 2727 1011 2770 ut
1056 2719 1340 2781 adipiscar,
1387 2720 1633 2782 pecunijs
1678 2720 1813 2768 meis
1852 2719 2238 2782 impedimenta

574 2799 756 2848 omnia
777 2796 1072 2846 remouebo
1097 2813 1107 2845 :
1130 2796 1404 2846 dabuntur
1423 2797 1537 2845 seni
1562 2797 1780 2858 (coniux
1805 2797 1944 2857 mea)
1964 2813 2085 2856 quae
2103 2797 2235 2845 vult.

635 2876 764 2938 Lyd.
793 2874 936 2923 Tum
962 2890 1062 2934 ego
1088 2872 1230 2921 dabo
1265 2873 1363 2921 tibi
1398 2890 1483 2922 me
1519 2873 1574 2921 in
1608 2862 1947 2934 perpetuum,
1987 2872 2233 2922 Pedanti.

633 2952 765 3000 Lud.
799 2951 986 2998 Liceat
1010 2965 1194 3009 quaeso
1221 2949 1561 3011 (suavissima
1588 2947 1847 3009 Domina)
1872 2966 2042 2998 unum
2069 2948 2237 3009 quod·

571 3026 697 3076 dam
738 3027 1009 3076 minutum
1050 3043 1081 3074 a
1114 3032 1165 3074 te
1201 3031 1398 3087 petere,
1443 3031 1504 3074 ut
1541 3025 1799 3084 quoniam
1844 3026 2054 3074 Herum
2090 3025 2237 3074 hunc

573 3121 754 3153 meum
803 3103 984 3165 (plane
1031 3102 1195 3150 heroa
1235 3119 1297 3150 ac
1338 3100 1663 3162 semideum)
1709 3101 1780 3149 ita
1819 3101 1930 3162 jam
1976 3102 2237 3150 violenter
2328 3143 2330 3145 .

570 3197 736 3238 amas,
786 3178 1037 3240 dignetur
1082 3178 1242 3226 etiam
1290 3177 1503 3226 bonitas
1548 3183 1636 3226 tua
1694 3177 1823 3238 [126]
1876 3194 1961 3226 me
2018 3194 2235 3238 quoque

569 3256 829 3317 pusillum
876 3255 991 3317 ejus
1038 3254 1192 3315 quasi
1242 3253 1618 3315 appendicem,
1669 3254 1946 3320 ipsiusque
1991 3253 2234 3305 vmbram

570 3330 791 3395 diligere
815 3331 1138 3395 pauxillum.
