2444 4140
214 762 330 811 1855

211 1141 330 1188 1860

208 1517 326 1566 1865

205 1896 324 1955 1870

203 2273 320 2335 1875

789 420 1100 513 Peddntius
1125 433 1205 513 A.
1232 468 1329 513 IV.
1356 421 1448 513 Sc,
1471 446 1514 510 1.
1945 418 2013 513 53

373 618 630 674 perpetuo
658 629 669 660 :
696 629 847 661 meus
870 618 1053 661 venter
1074 619 1233 662 vento
1267 619 1412 662 satur
1435 618 1528 672 est,
1555 612 1701 663 haud
1723 613 1849 663 vino
1878 629 1889 661 :
1916 612 2012 662 sed

375 686 537 736 dicito
582 685 907 748 quaesumus,
955 688 1096 737 bona
1131 688 1254 747 fide,
1302 687 1519 749 quando
1562 688 1647 737 fur
1688 687 1899 738 futurus
1933 705 2006 747 es,

374 763 640 823 numquid
662 781 774 812 non
795 781 1011 813 crucem
1035 765 1228 813 metuis
1247 765 1266 812 ?

435 840 555 901 Pog.
584 839 691 888 Cur
714 846 1004 888 metuerem
1025 840 1044 887 ?
1067 839 1409 889 Moriendum
1440 847 1519 889 est
1548 840 1799 889 omnibus
1823 841 2006 889 semel.

439 915 556 976 Tyr.
583 916 653 962 At
675 915 1095 975 ignominiosum
1120 922 1198 963 est
1220 915 1451 977 pendere
1475 917 1532 964 in
1552 915 1815 977 patibulo.

434 990 554 1051 Pog.
578 990 730 1038 Certe
747 990 1070 1050 Alexandro,
1092 991 1302 1049 Caesari,
1322 992 1601 1052 Pompeio,
1617 990 1661 1037 86
1677 990 2003 1052 hujusmodi,
2060 1014 2064 1030 ‹

371 1065 464 1124 qui
499 1081 562 1112 ex
595 1066 741 1126 vulgi
776 1066 1029 1126 opinione
1062 1083 1241 1115 veram
1274 1067 1499 1127 gloriam
1532 1067 1822 1115 metiuntur
1848 1083 1860 1114 :
1886 1083 2006 1114 mea

371 1156 496 1188 vero
519 1140 769 1188 nobilitas
803 1142 944 1206 (quae
977 1158 1089 1190 non
1119 1141 1262 1190 fama
1285 1141 1378 1190 sed
1403 1134 1530 1202 [106]
1562 1142 1752 1190 virtute
1785 1141 2007 1191 fundata

372 1215 470 1275 est)
493 1215 642 1264 nulla
665 1217 922 1264 maculari
943 1223 1119 1278 potest
1140 1217 1452 1277 ignominia.
1703 1273 1705 1275 ,

434 1291 544 1339 Cro,
583 1291 779 1353 Quaeso
816 1292 986 1350 Caesar,
1022 1308 1302 1354 compesce
1329 1293 1558 1341 Tribunos
1583 1293 1743 1354 plebi&
1772 1294 1916 1342 Inter
1948 1309 2004 1341 se

370 1365 643 1415 dimicant.

437 1443 553 1504 Tyr.
583 1442 846 1491 Heroicos
870 1449 1008 1491 certe
1032 1443 1169 1503 ‘geris
1192 1444 1400 1492 animos
1428 1459 1438 1491 ε
1464 1442 1508 1491 &
1529 1442 1721 1505 dignos
1754 1443 1837 1492 vel
1861 1443 2000 1492 altis-

370 1517 506 1566 simo
530 1517 697 1578 gradu
722 1519 778 1566 in
801 1518 1125 1567 sublimitate
1150 1519 1338 1568 crucis.

427 1594 549 1655 Pog.
576 1594 694 1654 Ego
718 1594 852 1642 nihil
876 1593 1016 1643 duco
1040 1593 1322 1653 sordidius,
1349 1611 1512 1654 quam
1536 1595 1590 1643 in
1614 1595 1810 1644 lectulo
1835 1595 2002 1656 expir—

366 1685 470 1727 are,
492 1668 808 1729 &tanquam
827 1669 883 1717 in
904 1669 1136 1718 tenebris
1164 1686 1175 1716 :
1202 1669 1535 1730 splendidius
1558 1671 1700 1718 enim
1724 1676 1803 1719 est
1824 1671 2002 1732 palam

366 1744 423 1792 in
445 1751 737 1806 conspectu
761 1745 976 1803 civium,
999 1745 1054 1792 in
1072 1761 1270 1793 corona
1286 1744 1330 1791 δε
1347 1761 1602 1794 consessu
1625 1751 1999 1806 spectatorum,

365 1835 528 1879 quam
552 1820 607 1868 in
631 1820 830 1880 angulo
855 1820 1110 1881 quopiam
1135 1820 1269 1868 mori
1294 1820 1599 1881 inglorium.

431 1895 547 1957 Tyr.
576 1895 808 1944 Pulchre
833 1895 1237 1957 Philosopharis
1260 1912 1270 1943 τ
1291 1912 1489 1944 0010113
1511 1896 1705 1954 solum,
1726 1894 1769 1942 &
1790 1895 2003 1945 Iudices

365 1969 575 2020 desunt.

423 2047 546 2107 Pog.
575 2048 628 2095 Is
650 2063 776 2095 vero
801 2046 1034 2096 divinius
1059 2047 1297 2106 moritur,
1324 2047 1415 2107 qui
1451 2046 1690 2096 evehitur
1723 2047 1780 2095 in
1812 2048 1998 2106 altum,
2087 2072 2093 2078 ··

362 2119 406 2168 &
429 2121 497 2171 ab
520 2121 621 2171 hac
642 2128 848 2171 terrena
869 2121 997 2171 faece
1021 2129 1325 2184 segregatus
1342 2123 1513 2170 affinis
1537 2123 1657 2171 coeli
1681 2128 1759 2170 est
1785 2138 1796 2170 ε
1823 2123 2002 2171 31111113

364 2198 507 2246 6111111
533 2198 645 2259 ejus
670 2199 848 2246 minus
872 2198 971 2246 viae
994 2198 1256 2256 conficiet,
1283 2197 1413 2246 dum
1438 2198 1493 2246 in
1518 2198 1711 2246 aethera
1733 2198 1894 2246 volat.

429 2274 546 2335 Tyr.
575 2273 710 2322 Mihi
748 2290 873 2322 vero
912 2290 1023 2322 non
1060 2274 1236 2335 placet
1272 2273 1376 2322 hoc
1415 2273 1582 2322 altum
1616 2289 1817 2335 sapere.
1857 2273 1999 2323 Nam

364 2347 495 2408 quid
518 2349 562 2397 si
585 2348 654 2396 ad
678 2347 873 2397 inferos
896 2348 1244 2410 deprimenda
1268 2349 1335 2397 sit
1352 2349 1547 2406 anima,
1569 2365 1680 2397 non
1699 2364 1762 2397 eo
1786 2349 1999 2409 longius

363 2423 579 2472 restabit
602 2424 730 2472 iter?
748 2423 854 2472 Sed
876 2425 1111 2486 experire
1130 2425 1174 2473 si
1192 2424 1340 2473 lubet
1361 2441 1372 2472 :
1392 2424 1488 2472 tibi
1512 2424 1556 2472 si
1579 2424 1704 2472 satis
1728 2422 1995 2483 succedat,
2068 2484 2078 2487 „

363 2515 556 2559 sequar
577 2498 621 2546 δε
645 2515 762 2560 ego.
792 2499 920 2561 [107]

424 2574 534 2623 Cro.
561 2574 822 2623 AEdilium
845 2574 1032 2624 famuli
1049 2575 1171 2636 plus
1188 2580 1414 2637 possunt
1431 2591 1593 2635 quarn
1610 2579 1719 2623 tota
1738 2574 1997 2634 Equitum

201 2651 322 2699 1880
363 2650 572 2699 cohors.

420 2727 542 2788 Pog.
570 2725 654 2775 Tu
676 2726 859 2787 pusilli
893 2742 948 2774 es
982 2725 1212 2786 spiritus,
1239 2742 1340 2774 nec
1372 2725 1537 2774 habes
1575 2726 1629 2773 in
1669 2730 1719 2773 te
1758 2724 1995 2774 nobilem

358 2801 504 2850 hunc
528 2802 862 2862 sanguinem.
891 2800 1133 2849 Tentabo
1167 2807 1217 2849 te
1252 2801 1307 2850 in
1340 2799 1498 2849 rebus
1530 2799 1874 2849 facilioribus.
1900 2801 1995 2849 Vis

307 2895 313 2911 ·
361 2894 572 2926 1116011111
597 2878 712 2925 3163
735 2876 917 2926 ludere
940 2877 1212 2938 paulisper
1233 2877 1252 2923 ?

199 3028 316 3076 1885

423 2954 540 3015 Tyr.
565 2953 687 3001 Alia
710 2952 841 3001 mihi
866 2951 1100 3001 curanda
1119 2958 1258 3000 sunt.
1281 2951 1387 3000 Sed
1406 2950 1548 3000 unde
1565 2950 1661 2999 tibi
1679 2949 1825 3011 quod
1842 2949 1992 3011 pign-

360 3029 514 3076 ores?
534 3029 634 3077 Vel
666 3028 888 3078 obulum
923 3044 1022 3089 ego
1057 3044 1226 3077 unum
1249 3028 1613 3089 praeponerem
1646 3025 1690 3073 &
1719 3024 1994 3087 corpori&

360 3104 552 3152 animae
573 3109 694 3153 tuae.
1242 3171 1249 3176 ἢ

421 3179 531 3227 Cro.
561 3181 710 3241 Itane
730 3178 749 3225 Ρ
773 3179 955 3227 Recte.
983 3177 1090 3227 Sed
1114 3177 1245 3239 quid
1268 3178 1312 3226 si
1335 3178 1448 3226 haec
1471 3177 1605 3226 nolit
1627 3176 1772 3226 hunc
1794 3177 1990 3224 Amore

358 3253 482 3302 ficto
506 3253 687 3303 fallere
706 3254 816 3302 ?·At
837 3253 1010 3312 faciet,
1039 3255 1166 3314 quia
1188 3270 1274 3302 me
1308 3252 1481 3314 diligit
1503 3254 1699 3301 Amore
1722 3267 1864 3310 vero,
1890 3268 1990 3300 nec

358 3329 508 3378 aliter
525 3330 607 3378 vel
622 3346 724 3389 me,
740 3330 824 3383 vel
843 3329 1143 3379 libertatem
1157 3328 1380 3391 adipisci
1393 3334 1583 3390 potest.
1594 3329 1665 3377 At
1682 3326 1812 3390 quid
1830 3327 1874 3376 si
1892 3327 1990 3378 iste
