2444 4140
300 187 401 244 126

524 346 625 388 tica
641 347 862 391 vocatur,
889 345 1006 398 quia
1029 356 1141 388 cum
1163 356 1364 388 cursum
1394 348 1605 389 suumin
1626 344 1804 390 eadem
1833 336 1968 390 linea
1996 348 2181 401 pariter
2212 336 2290 393 sol

522 418 571 456 et
590 412 708 457 luna
730 412 1017 465 conficiunt,
1042 412 1244 457 alterius
1278 427 1449 457 eorum
1469 428 1692 467 *necesse
1725 420 1800 458 est
1819 419 1992 459 venire
2024 415 2288 461 defectum.

306 486 447 521 1007
479 485 537 526 tot
548 485 719 539 patitur
738 482 916 535 dolores,
940 485 1040 538 quot
1056 485 1160 527 sunt
1176 484 1225 527 in
1244 483 1548 540 campoflores.

465 549 695 603 Gartner‚
732 552 931 596 Dicteria
966 552 1113 608 (1574)
1142 566 1190 607 p.
1233 569 1281 607 14
1317 551 1339 596 b
1364 567 1373 596 :
1399 552 1533 610 Quot
1570 566 1749 610 campo
1785 554 1949 603 fiores,
1986 559 2060 599 tot
2094 560 2208 599 sunt
2236 558 2289 598 in

523 635 691 665 amore
713 620 928 666 dolores.

303 694 448 729 1008
480 692 621 734 Iecur.
647 690 738 743 Cp.
767 707 1016 746 1077-1079.

304 763 447 799 1070
462 759 697 814 suriammz
721 760 839 805 tedis
859 760 1121 805 ardentibus.
1146 760 1250 806 Cic.
1273 763 1321 805 in
1340 763 1438 806 Pis.
1463 763 1569 808 XX.
1594 771 1662 818 46.

298 833 442 869 1071
474 830 734 875 ventriculus
754 831 857 880 (sive
876 832 1138 886 superiorem
1157 833 1245 875 sive
1264 831 1512 887 inferiorem
1531 832 1717 887 spectes).

464 897 689 943 Macrob.
713 900 808 943 Sat.
839 901 939 945 VII
962 915 976 944 .·
1000 904 1242 945 ventris...
1264 902 1364 945 duo
1387 908 1501 945 sunt
1522 900 1711 945 orificia
1735 916 1745 945 :
1771 915 1982 956 quorum
2004 905 2285 957 superius...

516 973 593 1012 est
614 969 975 1022 stomachuS‚...
1000 969 1205 1014 inferius
1226 984 1400 1014 vero...
1423 974 1505 1014 via
1527 976 1603 1015 est
1624 971 1903 1027 egerendis.

297 1042 446 1078 1072
476 1040 662 1084 AEstuat
680 1042 728 1084 ut
745 1039 903 1084 clausis
917 1039 1098 1084 rabidus
1103 1039 1366 1096 fornacibus
1384 1042 1516 1095 ignis.
1541 1040 1690 1095 Verg.
1716 1041 1875 1096 Georg.
1902 1041 1988 1085 IV.
2014 1048 2107 1086 263.

297 1112 437 1148 1073
468 1111 582 1152 astat
605 1108 659 1153 ὦ·
674 1111 808 1153 instat
825 1111 1031 1165 tanquam
1051 1109 1287 1154 Hannibal
1303 1110 1362 1153 ad
1373 1113 1539 1166 portas.

461 1177 684 1234 Harvey,
709 1179 839 1223 Grat.
870 1179 999 1223 Vald.
1025 1178 1126 1232 IV;
1150 1178 1475 1236 Apostrophe
1496 1184 1548 1223 to
1569 1179 1653 1223 the
1677 1178 1798 1224 Earl
1819 1178 1870 1224 oi
1889 1179 2078 1225 Oxford
2096 1192 2106 1221 t
2123 1179 2203 1225 fac
2225 1180 2289 1225 ad

516 1253 687 1302 portas
713 1253 877 1293 astare
901 1249 1168 1293 Britannas
1191 1247 1584 1294 Hannibalem...

460 1317 563 1363 Cic.
588 1318 637 1363 de
652 1320 698 1363 F
699 1320 761 1362 in.
786 1317 874 1362 IV.
898 1336 938 1372 9.
963 1334 1014 1363 22
1040 1334 1048 1362 :
1075 1322 1117 1363 si
1141 1317 1400 1363 Hannibal
1421 1318 1486 1363 ad
1510 1323 1678 1374 portas
1701 1321 1922 1364 venisset
1941 1324 2035 1363 etc.

298 1391 436 1427 1075
469 1390 505 1431 te
519 1391 613 1442 peto
633 1391 681 1433 ut
693 1391 881 1444 portum,
905 1391 953 1432 ut
971 1403 1113 1433 aram.
1148 1387 1239 1444 Cp.
1275 1388 1367 1433 Ov.
1387 1390 1504 1434 Her.
1529 1387 1568 1433 Ι.
1595 1404 1674 1433 110
1698 1401 1707 1429 :
1730 1392 1905 1433 venias
1927 1393 2100 1445 portus
2132 1394 2181 1432 et
2201 1402 2287 1433 ara

511 1462 626 1502 tuis.

298 1532 442 1569 1070
466 1530 715 1584 patronam.
739 1526 853 1572 Ter.
874 1529 997 1574 Eun.
1022 1528 1083 1571 V.
1109 1544 1148 1572 2.
1173 1535 1225 1584 48
1250 1543 1259 1572 :
1284 1527 1355 1572 Te
1377 1527 1498 1571 mihi
1520 1531 1783 1584 patronam
1805 1530 1965 1584 capio,
1990 1526 2162 1572 Thais.

299 1601 444 1637 1078
477 1596 663 1646 abusive,
687 1597 796 1655 «by
818 1613 882 1642 an
905 1597 1062 1642 abuse
1084 1597 1138 1641 of
1156 1598 1431 1653 Language
1448 1611 1490 1642 2).

460 1667 745 1723 Mullinger‚
764 1670 819 1712 H
820 1669 890 1713 ist.
911 1668 949 1717 I,
969 1675 1065 1724 647,
1084 1673 1262 1723 quotes
1280 1671 1330 1711 in
1347 1681 1376 1712 a
1394 1666 1586 1712 Statute
1607 1668 1626 1720 (
1630 1668 1690 1711 M
1690 1669 1910 1713 unimenta
1924 1668 2185 1713 Academica
2201 1681 2285 1724 pp.

513 1744 579 1786 86,
606 1742 674 1792 87)
699 1754 707 1782 :
734 1738 979 1783 lectiones
1002 1741 1251 1782 cursorias
1274 1749 1400 1792 quas
1422 1742 1606 1782 vocant
1628 1736 1933 1781 audientiam
1954 1735 2180 1782 abusive.

296 1811 441 1847 1079
472 1807 599 1862 Cogit
617 1822 766 1852 amare
774 1809 919 1863 jecur.

460 1877 736 1921 Borrowed
770 1876 897 1922 from
934 1877 1158 1934 Harvey‚
1181 1877 1311 1922 Grat.
1344 1875 1472 1921 Vald.
1510 1875 1598 1921 IV.
1624 1890 1673 1931 p.
1715 1892 1780 1930 17.
1809 1876 1987 1931 Elegia
2017 1876 2087 1928 (to
2121 1875 2288 1932 Philip

511 1945 718 2003 Sidney)
741 1961 751 1991 ε
778 1945 900 1992 Sum
917 1945 1078 1999 Iecur,
1103 1960 1163 1991 ex
1184 1960 1284 2001 quo
1306 1950 1354 1991 te
1376 1949 1590 2000 primum
1609 1944 1813 1992 Sidneie
1834 1946 1935 1990 vidi
1960 1960 1969 1990 z
1995 1945 2066 1991 Os
2090 1945 2285 1990 oculos-

513 2030 610 2071 que
625 2019 767 2072 regit‚
781 2020 915 2072 cogit
936 2029 1105 2061 amare
1123 2015 1282 2060 Iecur.
1296 2014 1388 2070 Cp.
1405 2014 1645 2069 Schmidt,
1664 2014 1823 2059 Shaks.
1850 2015 2047 2059 Lexicon.
2066 2014 2228 2059 «liver
2241 2027 2281 2058 2).

295 2089 438 2125 1080
467 2086 715 2131 melodia....
738 2090 890 2143 septem
906 2085 1196 2143 planetarum.

459 2154 563 2200 Cic.
587 2156 736 2200 Somn.
769 2157 885 2211 Scip.
914 2171 923 2200 :
956 2155 1054 2200 hic.
1090 2159 1312 2211 inquam,
1345 2157 1456 2210 quis
1492 2159 1569 2199 est
1604 2158 1689 2209 qui
1721 2154 1940 2211 complet
1969 2167 2115 2199 aures
2145 2166 2284 2199 meas

512 2230 680 2270 tantus
713 2225 753 2270 &
772 2229 876 2270 tarn
906 2225 1068 2270 dulcis
1091 2238 1244 2270 sonus
1264 2228 1279 2269 ?
1301 2224 1401 2269 Hic
1433 2229 1524 2272 est,
1549 2227 1710 2280 inquit
1731 2223 1831 2272 ille,
1856 2226 1976 2279 qui..
2000 2223 2226 2281 impulsu
2247 2222 2288 2267 δε

513 2300 651 2340 motu
673 2298 898 2350 ipsorum
918 2293 1115 2341 orbium
1136 2294 1448 2340 conficitur...
1472 2294 1545 2338 illi
1567 2299 1733 2339 autem
1754 2298 1872 2339 octo
1894 2307 2070 2339 cursus
2091 2294 2162 2340 (in
2183 2296 2286 2348 qui·

511 2363 608 2409 bus
630 2365 807 2410 eadem
829 2368 905 2409 vis
928 2371 1002 2409 est
1025 2364 1252 2415 duorum,
1272 2363 1566 2409 Mercurii&
1582 2364 1835 2415 Veneris‚)
1854 2370 2048 2420 septem
2069 2362 2287 2407 efficiunt

513 2434 758 2479 distinctis
781 2435 1056 2479 intervallis
1080 2449 1249 2480 sonos.

295 2507 436 2545 1090
465 2506 584 2550 Ante
604 2508 718 2549 rates
738 2519 914 2550 causam
930 2504 951 2549 P
966 2505 1019 2549 (g.
1039 2518 1200 2549 mecum
1220 2504 1440 2560 confertur
1459 2503 1681 2549 Crobolus.

455 2573 546 2618 Ov.
571 2576 682 2619 Met.
707 2574 846 2619 XIII.
871 2583 896 2619 6
922 2587 932 2616 ε
954 2575 1089 2619 Ante
1108 2579 1245 2619 rates
1267 2587 1473 2618 causam
1492 2577 1507 2617 Ρ
1529 2578 1578 2618 et
1598 2587 1793 2617 mecum
1813 2571 2063 2618 confertur
2082 2572 2282 2618 Ulixes?

295 2647 438 2684 1092
468 2647 594 2688 terrae
597 2644 740 2702 filius,
766 2659 831 2689 an
851 2649 1061 2701 upstart.
1084 2643 1190 2690 Cic.
1213 2644 1273 2688 ad
1288 2645 1385 2689 Att.
1412 2643 1450 2688 Ι.
1479 2649 1543 2688 13.
1568 2663 1593 2698 4
1617 2658 1626 2687 :
1653 2643 1719 2688 Et
1751 2643 1868 2688 huic
1898 2648 2042 2687 terrae
2062 2641 2166 2687 filio
2196 2656 2278 2686 ne-

509 2717 613 2759 scio
636 2717 717 2759 cui
740 2718 1050 2759 committere
1072 2714 1373 2772 epistolam..
1397 2727 1499 2759 non
1521 2712 1785 2757 audebam.

460 2784 679 2841 Lipsius,
698 2785 844 2840 Epist.
868 2786 1000 2840 quest.
1021 2783 1060 2828 1.
1089 2800 1125 2828 1.
1148 2785 1237 2840 Ep.
1262 2798 1285 2837 7
1308 2783 1515 2838 (quoted
1544 2781 1612 2840 by
1643 2783 1848 2831 Burton‚
1872 2783 2030 2832 Anat..
2052 2797 2092 2827 2.
2117 2787 2157 2826 3.
2181 2787 2242 2834 6.)
2266 2796 2275 2825 :

506 2867 667 2910 nuper
687 2858 829 2897 terrae
851 2853 998 2903 filios,
1022 2866 1155 2898 nunc
1178 2852 1487 2897 Maecenates
1509 2851 1549 2896 &
1570 2854 1838 2908 Agrippas.

291 2926 430 2963 1092
462 2922 625 2978 inscelix
639 2923 876 2980 reipublice
894 2923 1052 2968 lolium.
1077 2923 1228 2980 Verg.
1246 2922 1343 2967 Ecl.
1368 2922 1428 2965 V.
1453 2938 1493 2976 7.

294 2997 438 3032 1093
471 2994 641 3038 irruere
661 2995 708 3037 in
727 2993 892 3038 alienas
906 2993 1204 3048 possessiones.

450 3061 556 3107 Cic.
589 3063 638 3107 de
669 3063 799 3108 Orat.
833 3063 871 3113 Ι,
904 3078 949 3106 x.
974 3080 1022 3119 41
1052 3078 1060 3106 :
1100 3062 1235 3117 quod
1272 3065 1323 3106 in
1355 3061 1547 3106 alienas
1582 3063 1933 3118 possessiones
1964 3065 2066 3105 tam
2090 3063 2278 3105 temere

503 3135 751 3177 irruisses.

451 3200 512 3246 G.
557 3202 781 3259 Harvey,
824 3202 1149 3255 Ciceronianus,
1193 3206 1246 3246 56
1275 3216 1285 3247 :
1329 3200 1463 3260 Quid
1497 3205 1574 3246 est
1611 3203 1663 3245 in
1699 3199 1888 3246 alienas
1925 3202 2275 3255 possessiones

505 3276 655 3326 atque
676 3272 864 3326 praedia
885 3275 1070 3317 irruere
1090 3276 1105 3315 ?
2134 3284 2136 3286 ’

296 3341 439 3379 1098
470 3340 637 3395 Corque
655 3355 794 3386 meum
812 3345 981 3398 penitus
1001 3344 1205 3396 turgescit
1222 3340 1416 3386 tristibus
1437 3342 1534 3384 iris.

454 3407 556 3453 Cic.
588 3410 715 3454 Tusc.
742 3411 833 3456 III.
857 3428 898 3464 9.
927 3418 975 3454 18
997 3411 1094 3463 (his
1118 3425 1235 3455 own
1254 3409 1552 3454 translation
1574 3408 1627 3453 of
1644 3409 1852 3458 Homer,
1874 3408 1931 3453 Il.
1957 3408 2041 3453 IX.
2064 3408 2179 3464 646).

293 3481 320 3515 1
333 3481 439 3516 102
470 3482 682 3533 corruptio
703 3479 906 3525 Croboli..
926 3483 1177 3535 generatio..
1199 3480 1422 3533 Pedantij.

454 3546 505 3590 S.
543 3546 721 3591 Thom.
760 3549 857 3603 Aq.
879 3551 1004 3594 Sum.
1047 3550 1131 3594 Th.
1156 3549 1193 3591 Ι.
1221 3557 1314 3594 118.
1352 3564 1376 3594 2
1412 3548 1476 3593 ad
1511 3565 1550 3599 2,
1575 3554 1668 3593 etc.
1696 3562 1704 3592 :
1729 3550 1985 3604 generatio
2018 3549 2167 3591 unius
2197 3551 2272 3591 est

509 3620 760 3670 corruptio
783 3618 1001 3663 alterius.

455 3684 642 3733 Bacon‚
667 3685 847 3731 Colours
870 3687 920 3742 of
932 3687 1054 3733 Good
1065 3688 1156 3733 and
1167 3688 1285 3738 Evil,
1313 3705 1362 3732 10
1387 3703 1396 3733 ε
1422 3691 1674 3744 corruptio
1696 3690 1859 3737 unius,
1877 3688 2133 3742 generatio
2155 3685 2272 3730 alte·

504 3767 628 3801 nus.

2382 4113 2398 4124 't
2398 4043 2400 4045 ,
2379 3422 2391 3437 ‘

2385 3974 2436 4140 ωηιξη.
2412 3954 2417 3958 .
2403 3776 2425 3822 ¹35
2420 3759 2426 3764 Ι
2412 3679 2429 3747 &533
2415 3604 2433 3646 ··,
2415 3558 2432 3581 ις..
2419 3506 2433 3535 ,Ἰ
2425 3480 2436 3485 Γ
2428 3426 2434 3431 Ι.
2424 3319 2426 3321 .
2426 3292 2429 3293 Ἴ
2431 3205 2435 3207 .
2430 3035 2444 3082 ‘n‘

2439 3893 2441 3897 -
2434 3417 2438 3420 “
2439 3396 2441 3403 <
2440 3374 2441 3378 Α
2435 3307 2439 3310 ’
2436 3267 2444 3271 Ι
2439 3234 2444 3238 n
2437 3194 2444 3210 *a
2437 3152 2444 3167 ..1
2439 3116 2444 3131 14
2438 3083 2444 3097 ,Α
2434 3022 2440 3028 ⁴
2440 2963 2444 2969 ,Α
2442 2933 2444 2938 .
