2444 4140
743 377 1054 453 fiedavziius
1077 399 1158 453 A.
1187 381 1289 454 in.
1318 396 1408 453 Se.
1437 386 1532 453 IV.
1977 369 2046 468 39

831 555 1013 607 Actus
1038 555 1251 607 tertius.
1279 553 1457 607 Scena

1037 678 1255 740 Quarta.

795 796 1095 845 CROBOLVS.
1122 795 1497 845 TYROPHAGVS.

247 914 366 962 1350
959 914 1334 962 Poosrosrvs.

472 1017 582 1065 Cr0.
611 1016 873 1078 Quaenam
898 1016 980 1065 hae
1003 1023 1128 1066 sunt
1148 1016 1298 1067 furiae
1321 1022 1442 1065 ante
1465 1015 1642 1065 fores?
1663 1017 1783 1077 quis
1807 1018 2047 1066 evocavit

410 1091 702 1141 Crobolum
723 1093 741 1139 ?

469 1169 591 1229 Pog.
620 1168 738 1229 Ego
760 1168 923 1217 Here.
946 1168 1245 1217 Sceleratus
1268 1168 1373 1227 hic,
1395 1185 1556 1229 quem
1580 1167 1747 1227 vides,
1774 1185 1859 1218 me
1883 1160 2045 1218 maxi-

411 1243 512 1292 mis
535 1242 578 1290 &
601 1242 987 1304 indignissimis
1010 1243 1185 1300 affecit
1208 1244 1431 1305 iniurijs.
1460 1243 1556 1306 [77]

248 1319 365 1368 1355
474 1319 584 1368 Cr0.
613 1320 776 1377 Hem,
805 1319 1142 1381 Tyrophage,
1169 1319 1299 1380 quid
1323 1320 1468 1381 agis?
1491 1319 1575 1369 Tu
1599 1336 1810 1369 servum
1834 1321 2048 1369 meum?

475 1396 592 1458 Tyr.
619 1395 703 1443 Tu
726 1395 859 1443 tales
882 1396 980 1444 alis
1004 1396 1281 1445 servulos?
1304 1394 1562 1444 Occidere
1586 1412 1671 1444 me
1694 1396 1880 1445 voluit.

475 1471 584 1519 CrO.
615 1470 697 1519 Tu
728 1471 961 1521 amicum
996 1488 1176 1520 meum
1211 1488 1373 1520 ausus
1407 1487 1463 1519 es
1496 1477 1716 1520 tractare
1750 1472 1907 1530 male,
1932 1488 2046 1533 pes·

412 1546 544 1595 sime
564 1547 583 1593 ?

471 1624 592 1684 Pog.
619 1622 704 1671 Tu
729 1623 902 1672 amico
925 1628 1019 1672 tuo
1036 1623 1216 1684 potius
1234 1639 1397 1682 quam
1416 1639 1567 1671 servo
1586 1621 1756 1672 credis
1775 1622 1794 1671 ?
1815 1628 1929 1672 tum
1948 1639 2047 1684 ego

249 1699 369 1746 1360
410 1698 614 1747 amicus
637 1704 761 1747 tuus
783 1698 1024 1759 posthac,
1051 1715 1163 1747 non
1186 1715 1370 1747 servus
1393 1715 1501 1747 ero.

471 1773 580 1822 Cro,
609 1774 711 1822 Dic
736 1773 910 1834 igitur,
937 1791 1101 1834 quam
1125 1774 1212 1822 hic
1237 1772 1451 1822 admisit
1474 1774 1530 1822 in
1552 1780 1603 1822 te
1627 1775 1860 1836 culpam.

470 1851 591 1911 Pog.
616 1850 836 1910 Rogitas
856 1850 875 1897 ?
897 1850 1070 1908 irrisit,
1092 1849 1382 1908 maledixit,
1404 1866 1715 1906 meservum
1738 1849 1913 1898 aiebat
1934 1866 2048 1898 esse

411 1926 604 1974 miselli
627 1925 862 1974 hominis
885 1925 929 1973 &
951 1942 1185 1986 nequam
1213 1942 1223 1974 ε
1251 1943 1307 1975 se
1330 1942 1455 1974 vero
1490 1926 1637 1987 (quia
1670 1926 1880 1974 satelles
1913 1932 2051 1974 esset

411 2000 606 2062 regius)
624 2018 781 2063 posse
800 2002 1044 2061 quemvis
1062 2003 1282 2063 impune
1302 2001 1560 2060 occidere,
1581 2000 1624 2048 &
1647 2001 1749 2049 nisi
1772 2017 1871 2062 ego
1890 2017 2048 2063 opem

249 2078 367 2126 1365
410 2084 558 2126 tuam
582 2077 625 2124 &
647 2077 807 2138 gladij
830 2078 934 2126 mei
953 2078 1339 2139 implorassem,
1367 2083 1649 2126 mactasset
1671 2093 1757 2125 me
1781 2076 2013 2126 carnifex
2034 2093 2045 2124 :

412 2153 619 2202 Tamen
657 2154 736 2213 (ut
773 2154 1073 2215 plerunque
1113 2154 1287 2202 solent
1324 2153 1410 2201 isti
1449 2152 1767 2213 nebulones)
1812 2169 1898 2201 me
1937 2153 2047 2214 jam

413 2235 643 2287 accusat,
671 2244 832 2289 quem
858 2230 947 2278 ille
971 2245 1249 2289 nunquam
1275 2228 1507 2289 aequabit
1528 2230 1737 2278 virtute.

477 2306 593 2367 Tyr.
622 2305 738 2365 Ego
762 2312 831 2363 te,
859 2321 918 2353 os
942 2304 1228 2366 impudens
1251 2321 1347 2366 pro
1365 2303 1618 2352 tribunali
1645 2303 1845 2353 Iudicis
1869 2320 2047 2353 accus·

413 2380 532 2439 abo,
560 2381 615 2429 ni
638 2387 813 2429 taceas
842 2397 852 2428 :
878 2397 989 2429 non
1011 2387 1068 2430 tu
1102 2380 1238 2429 ferro
1272 2381 1451 2428 stricto
1483 2380 1814 2441 marsupium
1851 2380 2047 2442 petijsti

251 2457 370 2518 1370
413 2456 632 2505 meum?
1755 2500 1758 2506 .

474 2533 595 2594 Pog.
624 2530 769 2594 Quid
793 2532 836 2579 si
859 2531 955 2580 tibi
979 2532 1171 2592 largi-Q*
1192 2531 1406 2592 petiisse
1425 2531 1539 2579 me?
1557 2530 1654 2593 [78]
1679 2530 1846 2591 (quod
1870 2537 2048 2579 tamen

413 2606 590 2656 adhuc
628 2623 739 2655 non
778 2606 1093 2668 concedam)
1132 2623 1243 2655 non
1281 2613 1338 2655 tu
1377 2606 1768 2667 supplicantem
1807 2606 2048 2667 repulisti

414 2682 775 2731 inhumaniter
793 2682 812 2730 Ρ

477 2759 586 2807 Cro.
614 2758 696 2807 Tu
722 2758 860 2806 soles
884 2758 1182 2819 supplicare
1206 2757 1257 2805 vi
1280 2756 1323 2804 Sc
1347 2758 1522 2815 armis,
1549 2757 1829 2819 improbe?

252 2834 368 2896 1375
473 2835 594 2896 Pog.
614 2835 913 2895 Interroges
926 2834 1071 2882 hunc
1089 2834 1283 2894 ipsum,
1300 2831 1564 2892 numquid
1584 2849 1668 2881 me
1687 2849 1797 2882 non
1810 2832 2046 2894 jocatum

412 2909 575 2958 fuisse
599 2909 787 2958 dixerit
814 2926 824 2957 ε
852 2909 937 2958 Tu
962 2926 1046 2957 me
1070 2910 1259 2969 (Here)
1284 2925 1468 2957 censes
1490 2907 1660 2957 furem
1686 2908 1838 2956 esse?

477 2986 586 3034 Cr0.
617 2986 743 3034 Non
766 2985 912 3034 hunc
939 3001 1235 3046 aggressus,
1263 2990 1320 3032 ut
1353 3000 1603 3032 nummos
1637 2984 1751 3032 eius
1785 2983 2050 3045 eriperes?

475 3062 594 3123 Pog.
632 3061 890 3122 Eripere?
925 3061 1075 3109 Nihil
1110 3061 1288 3109 minus
1315 3076 1325 3107 :
1360 3066 1595 3120 spectare
1628 3058 1848 3108 fortasse
1881 3060 2045 3108 volui.

479 3138 595 3198 Tyr.
621 3138 792 3197 Aegre
825 3135 1015 3185 ferrem
1053 3135 1308 3198 profecto,
1345 3142 1395 3183 te
1429 3135 1615 3184 linceis
1650 3135 1753 3183 illis
1793 3135 1979 3193 oculis,
2006 3133 2049 3181 &

254 3214 372 3262 1380
415 3212 648 3261 milvinis
688 3212 936 3261 manibus
981 3228 1155 3260 meam
1197 3212 1251 3260 in
1297 3227 1605 3261 crumenam
1644 3210 1857 3272 penitus
1891 3210 2049 3263 intro-

415 3303 632 3351 splcere.
