2444 4140
821 376 1131 431 Pedantius
1156 377 1208 431 A
1225 419 1236 430 .
1265 387 1335 430 ΙΙ.
1357 377 1447 431 Sc.
1476 385 1548 429 ΙΙ.
1962 388 2029 444 27

388 530 549 579 habet
592 531 804 592 linguas
848 547 858 578 ε
905 529 1061 579 Vnde
1106 530 1148 577 ἃ
1191 530 1413 592 bilinguis
1455 530 1568 578 iure
1614 529 1816 592 optimo
1859 529 2029 590 possit

389 606 663 667 appellarj.
709 605 922 654 Addam
968 606 1126 654 etiam
1177 606 1392 654 brevem
1449 605 1759 666 Epilogum,
1807 604 1863 653 in
1917 620 2026 665 quo

389 688 544 730 erunt
565 683 663 730 tria
683 681 814 740 haec,
842 681 1057 743 repetitio,
1081 681 1254 742 petitia
1277 682 1456 742 pathos,
1486 681 1663 742 Quare
1687 681 1730 728 si
1753 681 1837 729 vel
1862 682 2024 729 emol-

386 764 605 807 umenta
637 764 834 816 nostra,
861 758 944 805 vel
981 756 1288 818 reipublicae
1322 757 1547 805 salutem
1581 756 1850 817 respicias,
1887 756 2025 805 vale-

251 832 343 894 925
389 833 536 882 dicas
573 833 700 882 huic
739 833 981 894 opinioni
1024 839 1145 880 tuae.
1189 833 1306 893 Ego
1353 831 1588 892 quidem,
1637 830 1784 891 quod
1829 831 1897 880 ad
1940 849 2026 881 me

387 909 589 967 attinet,
616 909 692 957 sic
716 914 889 958 statuo
918 925 928 956 :
954 924 1075 956 vere
1100 908 1242 956 enim
1267 907 1398 956 mihi
1421 906 1604 956 videor
1628 923 1742 955 esse
1766 906 2021 966 dicturus,

391 985 724 1044 Hymenaeus
758 1001 909 1033 meus
945 985 1127 1042 Deus3
1163 983 1246 1031 vel
1282 983 1451 1044 magis
1490 983 1860 1032 emblematice
1888 985 2030 1032 :Aut

384 1076 496 1108 vxor
519 1064 603 1107 aut
621 1076 772 1108 vexor.

443 1136 566 1183 DrO.
592 1135 915 1196 Aethiopem
939 1135 1077 1192 lavo,
1104 1134 1191 1182 hic
1226 1150 1414 1196 capere
1448 1150 1559 1183 non
1581 1140 1755 1195 potest
1778 1133 2024 1184 influent-

248 1211 342 1272 930
385 1210 490 1258 iam
535 1210 743 1271 eonsilij
786 1210 907 1267 mei,
950 1209 993 1256 &
1037 1226 1215 1258 amore
1249 1210 1519 1271 pungitur.
1571 1216 1827 1270 tanquam
1877 1212 2025 1258 cauda

381 1285 630 1334 Draconis,
655 1286 888 1333 Vnicum
913 1285 1016 1333 hoc
1040 1285 1146 1333 iam
1170 1291 1344 1343 restat,
1371 1291 1426 1332 vt
1456 1302 1578 1334 cum
1613 1285 1891 1346 impressio
1914 1291 2023 1334 tam

382 1360 647 1422 profunde
670 1360 809 1409 facta
832 1361 899 1409 sit
922 1361 1117 1409 amoris
1142 1361 1196 1408 in
1214 1366 1282 1419 te,
1305 1360 1380 1422 (vt
1398 1377 1584 1409 omnes
1607 1367 1782 1422 partes
1800 1360 1843 1408 δε
1862 1361 2023 1409 simil-

382 1453 496 1485 ares
520 1436 562 1483 ἃ
587 1435 930 1485 dissimilares
954 1436 1196 1484 laborent
1221 1453 1284 1484 ex
1308 1435 1392 1497 eo)
1416 1436 1460 1484 si
1484 1453 1594 1485 non
1616 1437 1788 1498 possis
1811 1453 2023 1498 prorsus

384 1511 427 1559 &
461 1513 787 1573 simpliciter,
826 1513 1012 1560 saltem
1048 1518 1107 1560 ut
1145 1517 1411 1560 attenuate
1445 1512 1767 1560 convertaris
1800 1518 1980 1561 tamen
2008 1528 2019 1560 :

246 1588 337 1649 935
383 1589 584 1636 scilicet
606 1588 740 1649 signa
764 1588 943 1636 minora
965 1591 1068 1648 cape
1083 1606 1102 1645 ;
1127 1588 1170 1635 si
1194 1604 1305 1636 non
1328 1586 1625 1636 secundum
1650 1588 2017 1651 quantitatem,
2053 1594 2057 1597 '

381 1669 433 1711 at
459 1662 755 1711 secundum
775 1663 1011 1723 aliquam
1030 1662 1414 1723 ex-[53]terna[m]
1435 1662 1745 1723 apparentiam
1758 1680 1778 1720 ;
1796 1679 1863 1711 ne
1881 1663 2026 1724 vulg-

380 1755 443 1787 us
467 1737 522 1786 id
546 1737 738 1786 videat.

319 1875 322 1878 y
441 1815 560 1862 Ped.
590 1812 938 1862 Prudentiam
963 1819 1018 1861 vt
1041 1830 1250 1861 sumam
1270 1813 1314 1861 si
1339 1811 1548 1871 suadeS,
1575 1829 1637 1861 ea
1661 1819 1738 1861 est
1763 1814 1817 1861 in
1841 1813 2020 1862 animo

381 1905 529 1946 meO,
547 1889 700 1948 quasi
736 1889 953 1949 sanguis
988 1889 1043 1936 in
1076 1905 1296 1950 corpore
1324 1905 1334 1935 ε
1361 1889 1546 1950 Apoll0,
1572 1889 1743 1936 Pallas
1765 1889 1822 1936 <So
1846 1890 2024 1937 Mercu-

245 1981 340 2026 940
380 1964 480 2013 rius
498 1964 629 2013 mihi
648 1970 773 2013 sunt
791 1963 1052 2013 individui
1072 1964 1309 2022 comites,
1332 1963 1527 2023 quibus
1547 1963 1822 2012 cerebrum
1841 1981 2021 2014 meum

380 2041 575 2089 coelum
601 2046 680 2088 est
701 2056 712 2098 3
739 2056 902 2100 quare
925 2055 1036 2087 non
1058 2056 1275 2101 possum
1299 2056 1410 2088 non
1432 2039 1668 2101 prudens
1692 2056 1823 2089 esse.

440 2117 561 2163 Dro.
591 2116 775 2173 Caute,
803 2121 971 2173 caute,
999 2131 1096 2176 pro
1119 2114 1322 2164 honore
1345 2116 1730 2164 Vniversitatis.

439 2192 558 2239 Ped,
589 2192 706 2239 Imo
731 2189 774 2237 δε
798 2196 939 2239 caste
964 2191 1138 2248 etiam,
1166 2190 1311 2252 Quid
1329 2191 1418 2239 ni?
1437 2190 1587 2239 Nihil
1612 2191 1755 2240 enim
1780 2208 2019 2252 unquam

380 2266 658 2315 admittam
693 2283 792 2328 ego
827 2265 1110 2327 indignum
1147 2267 1368 2315 Oratore
1402 2272 1493 2315 aut
1528 2266 1861 2329 Philosopho
1889 2267 2020 2316 :sed

245 2342 336 2404 945
381 2341 561 2390 viden'
580 2348 638 2391 tu
673 2341 812 2390 aedes
846 2342 1065 2390 illasce?
1097 2342 1171 2390 ibi
1204 2342 1422 2401 habitat,
1450 2359 1570 2402 quae
1603 2342 1659 2391 in
1688 2360 1774 2392 me
1797 2343 2016 2402 habitat,

383 2434 610 2477 quarum
633 2418 860 2478 parietes
890 2423 1015 2466 sunt
1037 2434 1122 2466 me
1157 2418 1326 2466 multo
1360 2417 1637 2476 beatiores,
1665 2417 1929 2478 siquidem
1963 2418 2018 2467 hi

377 2510 533 2553 usque
556 2509 769 2553 quaque
798 2492 1028 2553 Lydiam
1060 2493 1489 2554 complectuntur
1522 2510 1714 2551 meam,
1742 2509 1862 2554 quae
1883 2493 2019 2555 fugit

377 2575 620 2630 proterve
644 2585 747 2627 me,
775 2568 912 2617 sicut
936 2569 1243 2630 Apollinem
1269 2567 1499 2630 Daphne
1523 2569 1669 2617 olim.

437 2646 559 2692 Dro.
589 2645 659 2692 Et
680 2650 738 2693 tu
763 2644 838 2692 sic
863 2643 1179 2692 irrationalis
1203 2660 1274 2701 eS‚
1303 2650 1362 2693 ut
1384 2660 1547 2702 ames,
1575 2660 1695 2704 quae
1719 2643 1831 2693 odit
1851 2650 1902 2693 te
1922 2644 1940 2691 ?

242 2719 336 2780 950
441 2721 558 2768 Ped.
577 2720 622 2768 O
642 2710 958 2781 plumbeum
977 2719 1294 2781 pugionem!
1317 2720 1468 2779 quasi
1488 2736 1597 2768 non
1615 2719 1836 2768 dixerim
1855 2720 2015 2782 Apol-

376 2796 539 2844 linem
566 2795 707 2844 idem
731 2796 936 2854 fecisse,
959 2812 1119 2856 quem
1140 2812 1238 2856 ego
1256 2795 1522 2857 praeposui
1541 2795 1670 2844 mihi
1691 2796 1746 2844 in
1765 2796 2015 2845 omnibus

378 2871 717 2920 imitandum.

436 2949 557 2995 Dro.
586 2948 674 2996 Sic
709 2948 867 3009 igitur
885 2947 1174 3009 distinguo,
1202 2946 1361 3007 idque
1387 2964 1449 2996 ex
1475 2946 1571 3009 [54]
1598 2947 1856 2996 sententia
1877 2946 2016 2996 Phil-

377 3023 584 3084 osophi,
623 3024 961 3072 Contrarium
1002 3023 1197 3084 expetit
1236 3040 1392 3072 suum
1443 3024 1782 3081 contrarium,
1829 3039 2013 3071 verum

242 3097 333 3159 955
379 3104 471 3155 est,
495 3097 655 3158 idque
675 3115 786 3147 non
805 3100 1188 3160 contingenter,
1211 3098 1305 3147 sed
1323 3098 1598 3146 catholice.
1621 3099 1689 3146 At
1706 3097 2013 3147 addendum

377 3179 454 3221 est
476 3179 672 3233 tamen,
700 3191 810 3226 non
841 3180 1106 3234 quatenus
1140 3175 1480 3231 contrarium,
1509 3173 1601 3222 sed
1633 3173 1792 3234 Med-ij
1820 3173 1978 3236 gratia
1993 3191 2014 3231 ‚·
