2444 4140
540 355 685 400 mots,
710 364 797 396 esse
817 351 1025 398 videatur,
1051 350 1169 406 qu’il
1188 366 1222 408 y
1243 350 1476 409 employe
1497 355 1539 397 si
1561 359 1789 398 souuent.

485 420 762 476 Pilgrimage
793 423 830 465 to
850 420 1124 474 Parnassus,
1142 421 1205 470 V,
1238 428 1348 477 640:
1372 419 1479 466 The
1509 426 1767 479 posteritie
1790 422 1843 467 of
1859 423 2162 470 humanissimi
2181 427 2307 471 audi-

540 491 651 535 tores
692 488 791 534 and
823 503 910 534 esse
944 493 1070 546 posse
1098 490 1316 536 videaturs
1354 496 1487 535 must
1519 490 1582 536 be
1612 489 1744 537 faine
1778 497 1829 537 to
1867 491 1930 538 be
1961 493 2082 551 kept
2119 493 2188 552 by
2225 494 2310 540 the

539 558 759 616 parishe.

488 627 758 678 Peacham‚
783 628 1002 685 Compleat
1029 629 1279 676 Gentleman
1301 631 1447 685 (1627)
1467 645 1517 689 p.
1541 651 1593 688 44
1618 643 1628 675 :
1653 632 1930 689 Longolius
1961 647 2067 678 was
2089 633 2308 691 laughed

541 703 663 742 at....
695 697 771 744 for
802 699 880 743 his
913 713 971 744 so
1002 699 1219 757 apish....
1250 703 1495 746 imitation
1523 700 1574 746 ot
1602 700 1751 759 Tully
1778 706 1829 747 in
1860 716 1916 747 so
1938 703 2090 748 much
2120 718 2176 749 as
2211 703 2308 749 hee

539 766 710 812 would
730 767 862 813 haue
889 769 1101 825 thought
1122 782 1151 814 a
1181 769 1349 815 whole
1378 770 1593 816 Volume
1629 774 1763 826 quite
1795 771 1992 817 marred
2025 772 2130 817 if....
2155 787 2307 830 euery

537 835 788 883 Sentence
810 837 910 883 had
931 846 1019 884 not
1039 839 1198 884 sunke
1215 839 1338 884 with
1352 854 1439 886 esse
1447 844 1571 898 possa
1584 841 1781 887 videatur
1795 841 1895 887 like
1913 856 1941 886 a
1956 842 2103 899 peale
2122 842 2306 900 ending

533 906 657 952 with
693 922 723 952 a
758 907 939 963 chime,
976 922 1033 954 01·
1071 923 1135 953 an
1166 910 1307 955 Amen
1340 923 1478 967 vpon
1511 910 1596 955 the
1632 910 1861 967 Organes
1892 914 1941 955 in
1973 912 2151 957 Paulos.

479 975 577 1023 See
600 977 788 1023 Introd.
811 993 897 1036 pp.
921 981 1081 1029 xxxiv,
1106 979 1188 1028 xli,
1212 979 1310 1025 xlv.

339 1051 446 1089 991
481 1063 508 1092 α
528 1047 637 1093 thesi
655 1048 715 1094 ad
731 1048 994 1106 hypothesin.

480 1117 650 1176 Quint.
673 1118 786 1163 Inst.
812 1119 894 1162 Or.
919 1117 1013 1164 III.
1035 1122 1074 1164 5.
1095 1123 1119 1164 5
1141 1132 1150 1162 :
1172 1119 1298 1165 Item
1315 1123 1564 1175 convenit,
1584 1124 1889 1175 quaestiones
1907 1135 2019 1165 esse
2041 1125 2127 1166 aut
2147 1121 2305 1166 infini-

530 1192 608 1233 tas
631 1192 717 1233 aut
738 1187 920 1234 finitas.
946 1188 1158 1234 Infinitae
1181 1194 1296 1235 sunt
1316 1204 1428 1246 quae
1447 1193 1652 1235 remotis
1674 1193 1903 1246 personis
1927 1195 1975 1235 et
1994 1190 2304 1245 temporibus

534 1262 582 1301 et
597 1257 723 1302 locis
743 1261 1025 1313 ceterisque
1043 1258 1360 1304 similibus...
1384 1264 1674 1314 tractantur,
1694 1260 1829 1316 quod
1850 1258 2033 1305 Graeci
2056 1261 2167 1308 θέσιν
2188 1274 2302 1307 voc-

531 1333 615 1373 ant
621 1358 706 1371 .....
731 1328 772 1373 F
775 1331 910 1374 initae
932 1334 1100 1374 autem
1122 1335 1235 1374 sunt
1258 1344 1319 1374 ex
1339 1330 1606 1386 complexu
1639 1343 1804 1374 rerum
1835 1343 2164 1385 personarum
2183 1335 2301 1375 tem-

532 1412 710 1454 porum
732 1405 1111 1454 ceterorumque
1136 1414 1146 1444 z
1171 1413 1283 1454 quae
1307 1401 1533 1453 ὑποθέσεις
1556 1413 1586 1445 a
1602 1398 1813 1445 Graecis
1831 1399 2132 1445 dicuntur....
2152 1399 2302 1458 Quod

529 1473 584 1512 ut
625 1468 854 1526 exemplo
887 1474 1073 1524 pateat,
1108 1469 1302 1515 infinita
1332 1474 1424 1519 est,
1462 1470 1544 1514 An
1573 1483 1697 1514 uxor
1727 1468 1990 1514 ducenda?
2024 1469 2178 1519 finita,
2218 1469 2303 1515 An

527 1537 707 1584 Catoni
729 1538 993 1585 ducenda?

453 1606 713 1664 flexanima.

475 1676 728 1723 Pacuvius
753 1678 848 1731 (ed.
884 1677 1130 1732 Ribbeck)
1153 1679 1186 1724 l.
1212 1695 1288 1734 177
1314 1694 1324 1724 ε
1349 1679 1392 1724 O
1414 1679 1681 1724 flexanima
1711 1683 1861 1734 atque
1883 1682 2105 1723 omnium
2123 1682 2297 1736 regina

523 1759 691 1792 rerum
718 1752 907 1794 oratio!
934 1748 1135 1807 Quoted
1155 1748 1224 1806 by
1253 1748 1432 1795 Cicero
1462 1749 1511 1794 de
1532 1749 1661 1794 Orat.
1686 1747 1752 1793 II.
1785 1767 1853 1804 44·
1881 1754 1956 1802 187
1987 1746 2088 1792 and
2115 1747 2298 1792 thence

523 1817 749 1862 imitated
769 1817 838 1875 by
859 1817 920 1863 G.
944 1818 1168 1876 Harvey.
1192 1818 1290 1864 See
1313 1818 1500 1863 Introd.
1524 1833 1573 1873 p.
1596 1832 1739 1862 xxxv.

329 1887 438 1927 994
472 1886 547 1931 hos
566 1888 680 1942 regit
697 1890 836 1933 artus.

467 1956 514 1999 V
519 1970 620 2011 erg.
643 1958 759 2002 Aen.
784 1958 865 2001 lV.
890 1964 970 2003 336
994 1973 1004 2004 :
1029 1957 1148 2003 dum
1171 1961 1372 2016 spiritus
1394 1957 1488 2003 hos
1510 1961 1636 2013 regit
1657 1964 1809 2003 artus.

328 2030 433 2067 99⁸7
465 2025 784 2072 tabernaculum
804 2028 899 2072 vitae
917 2028 1172 2075 collocemus.

467 2094 572 2141 Cic.
596 2097 645 2142 de
665 2097 794 2142 Orat.
819 2096 913 2144 III.
932 2114 1000 2144 20.
1026 2114 1077 2154 77
1098 2113 1108 2144 ε
1128 2101 1213 2154 qui
1229 2101 1281 2144 in
1296 2113 1397 2143 una
1413 2096 1738 2155 philosophia
1754 2099 1897 2152 quasi
1915 2095 2294 2141 tabernaculum

520 2169 635 2211 vitae
658 2180 763 2212 suae
785 2167 1111 2214 collocarunt.

305 2238 449 2277 1991
483 2235 719 2281 υἰᾱείαν....
742 2237 856 2293 quod
871 2240 946 2282 sic.
971 2237 1045 2285 Cf.
1069 2253 1118 2296 p.
1146 2255 1240 2288 102,
1263 2238 1295 2282 l.
1318 2246 1359 2283 6.

465 2305 527 2349 A.
567 2306 608 2350 F
611 2320 812 2356 raunce,
850 2308 1048 2353 Lawiers
1082 2307 1248 2363 Logike
1284 2309 1428 2361 (1588)
1465 2308 1505 2352 Β
1528 2311 1579 2351 iii
1607 2322 1631 2352 v
1655 2322 1664 2352 ε
1699 2306 1843 2352 those
1878 2304 2145 2350 miserable
2178 2303 2292 2350 Sor-

520 2374 713 2420 bonists
756 2377 795 2420 &
835 2377 1084 2423 dunsicall
1125 2377 1463 2437 Quidditaries
1498 2377 1615 2422 who
1649 2375 1861 2432 thought
1900 2375 2040 2419 there
2078 2387 2185 2419 was
2224 2388 2291 2418 no

517 2450 791 2502 reasoning
812 2447 1024 2492 without
1044 2449 1272 2502 Arguitur
1292 2448 1405 2504 quod
1422 2450 1482 2491 sio
1506 2459 1516 2488 :
1538 2445 1763 2491 Probatur
1782 2445 1895 2500 quod
1912 2459 2010 2489 non.

306 2519 611 2556 1004-1006
634 2517 806 2563 homo...
830 2520 892 2563 est
908 2518 1077 2563 animal
1092 2517 1285 2563 sociabile
1306 2518 1358 2562 (g.
1379 2516 1673 2573 congregabile
1692 2518 1867 2560 natura.

465 2583 580 2630 Sen.
605 2587 717 2631 Bon.
742 2603 783 2641 7.
807 2604 824 2632 1
854 2602 862 2632 :
886 2587 1038 2633 homo
1061 2587 1249 2634 sociale
1272 2587 1480 2640 anima13
1501 2588 1590 2644 Ep.
1614 2590 1689 2640 95:
1708 2589 1887 2630 natura
1903 2598 1995 2629 nos
2018 2582 2285 2628 sociabiles

514 2654 646 2700 fecit.

461 2724 673 2776 Walter,
708 2727 988 2782 Gnomologz'a
1026 2743 1040 2772 :
1080 2728 1250 2774 Homo
1290 2727 1476 2773 animal
1511 2724 1754 2771 sociabile
1785 2723 1923 2778 (with
1952 2722 2206 2768 reference
2234 2727 2286 2767 to

516 2795 668 2839 Arist.
691 2795 789 2841 Pol.
815 2795 854 2849 Ι,
878 2813 931 2852 23
958 2797 1050 2843 III.
1075 2797 1133 2851 6).

302 2866 450 2903 1⁰12
480 2864 681 2910 relatio...
706 2880 796 2921 quae
815 2870 904 2913 tum
923 2867 1101 2925 efficitur
1122 2873 1216 2912 etc.

463 2931 633 2984 Seton‚
657 2936 957 2991 DialecticajE
972 2939 1024 2980 iii
1044 2952 1054 2982 :
1074 2936 1151 2982 De
1167 2937 1427 2982 relatione.
1449 2935 1532 2980 Ad
1552 2934 1742 2990 aliquid
1757 2933 1935 2978 dicitur
1957 2934 2096 2976 cuius
2119 2945 2285 2976 essen-

513 3006 583 3048 tia
604 3009 979 3061 consequentiae
999 3020 1102 3051 non
1124 3021 1185 3052 ex
1206 3021 1261 3051 se
1283 3005 1534 3061 dependet
1560 3005 1651 3051 sed
1671 3018 1731 3049 ex
1753 3003 1868 3055 alio,
1892 3005 1924 3045 i.
1948 3015 2040 3046 suo
2072 3000 2283 3046 correla-

509 3075 630 3119 tiuo.

300 3146 447 3183 1014
478 3144 708 3190 secundum
729 3145 881 3190 dici....
905 3147 1135 3193 secundum
1154 3161 1254 3193 esse.
1279 3145 1371 3202 Cp.
1395 3153 1476 3202 484
1496 3161 1541 3190 n.

303 3215 449 3252 1017
481 3227 564 3256 non
585 3216 844 3269 contiguum,
867 3216 943 3262 sed
959 3219 1219 3262 continuum.
1243 3214 1333 3271 Cp.
1358 3223 1434 3272 481
1458 3231 1502 3259 n.

460 3280 510 3326 S.
532 3281 755 3329 Thomas
777 3286 873 3341 Aq.
897 3287 1079 3331 Summa
1099 3289 1206 3331 cont.
1226 3286 1352 3330 Geni.
1378 3285 1417 3330 I.
1444 3292 1492 3330 13
1517 3300 1527 3330 ;
1551 3298 1640 3339 per
1662 3285 2038 3328 continuitatem
2058 3279 2140 3323 vel
2170 3292 2281 3323 con·

512 3354 852 3407 tiguationem.

459 3419 736 3477 Chapman,
755 3425 870 3480 May
890 3426 1009 3482 Day,
1029 3439 1094 3470 1v.
1122 3443 1158 3469 1.
1182 3427 1241 3469 ad
1260 3428 1351 3479 in.;
1388 3425 1458 3468 let
1487 3424 1571 3469 the
1603 3422 1801 3468 scholar
1831 3424 2070 3476 reportat
2102 3417 2278 3462 Padua
2367 3433 2378 3448 ·

515 3489 619 3535 that
650 3492 841 3538 Venice
872 3493 964 3539 has
996 3495 1139 3540 other
1172 3508 1379 3539 manner
1399 3493 1454 3538 of
1478 3493 1705 3549 learning
1738 3490 1949 3545 belongs
1971 3497 2021 3532 to
2048 3491 2083 3530 it
2107 3502 2117 3532 :
2141 3485 2278 3530 what

510 3559 632 3604 does
657 3561 734 3605 his
758 3564 1021 3609 Continuum
1039 3568 1080 3609 ct
1099 3565 1362 3620 Contiguum
1380 3563 1501 3608 here
1519 3567 1534 3606 ?

297 3633 450 3669 1018
482 3630 778 3676 Individuum.
803 3631 852 3676 S.
890 3632 1066 3678 Thom.
1091 3634 1188 3690 Aq.
1219 3634 1403 3679 Summa
1441 3633 1524 3678 Th.
1549 3631 1588 3676 I.
1626 3648 1695 3684 29·
1717 3650 1742 3686 4
1772 3643 1799 3674 c
1823 3644 1832 3674 :
1858 3626 2166 3672 individuum
2200 3630 2275 3670 est

519 3699 655 3753 quod
677 3705 754 3745 est
774 3704 824 3745 in
845 3715 900 3747 se
922 3703 1277 3753 indistinctum,
1302 3702 1366 3750 ab
1388 3702 1498 3748 aliis
1528 3714 1649 3746 vero
1680 3699 1980 3744 distinctum.
2012 3695 2103 3752 Cp.
2126 3701 2207 3749 776
2226 3709 2270 3737 n.

299 3771 446 3809 1929
475 3769 515 3812 si
526 3771 671 3825 pectus
690 3784 829 3816 meum
833 3770 1126 3826 fenestratum
1145 3777 1251 3819 esset
1271 3773 1408 3829 (quod
1423 3773 1483 3818 M
1485 3786 1603 3817 omus
1623 3774 1669 3816 in
1687 3770 1852 3815 homine
1871 3765 2119 3823 exoptavit).
