2444 4140
859 400 1169 473 Pedantius
1190 418 1272 472 A.
1303 424 1360 471 V.
1385 401 1476 473 Sc.
1505 412 1576 470 ΙῙ.
2006 414 2070 486 71

439 573 575 622 sicut
598 573 756 621 etiam
780 571 1046 633 colligitur
1070 588 1133 621 ex
1154 571 1491 621 hemistichio
1515 571 1619 621 hoc
1650 571 1904 631 MaroniS,
1935 572 2072 620 Gent-

274 650 395 711 2495
438 665 589 710 emque
613 652 828 710 togatam.
858 647 992 697 Inde
1015 664 1115 697 nos
1140 648 1381 710 Magistri
1415 665 1600 697 sumus
1631 664 1818 697 omnes
1840 648 2004 709 togati
2026 647 2071 695 δε

435 725 632 786 pileati,
678 724 804 784 quia
845 725 1120 773 Romanos
1159 724 1408 784 antiquos
1451 724 1735 773 Latinitate
1780 724 2095 782 imitamur,'

439 800 547 848 imo
572 816 903 861 superamus.
934 799 1247 848 Notandum
1273 800 1431 848 etiam
1450 806 1544 859 est,
1570 799 1684 848 haec
1708 799 1811 861 legi
1835 816 1866 848 a
1887 799 2069 862 pleris-

437 892 527 936 que
565 876 657 933 sic,
694 877 904 923 concedat
933 876 1092 924 laurea
1130 875 1276 933 laudi,
1315 891 1426 924 non
1464 881 1642 924 autem
1683 876 1881 937 linguae
1923 892 1935 924 ε
1979 874 2073 925 sed

438 950 670 1000 eundem
694 951 751 999 in
780 950 944 1000 finem
979 952 1078 1000 ista
1109 949 1369 1000 recidunt.
1399 951 1559 1010 Nam,
1586 951 1712 1012 quia
1745 951 1921 1000 omnis
1953 950 2072 1001 laus

271 1026 394 1077 2500
437 1027 493 1074 in
516 1027 699 1087 lingua
722 1026 963 1075 consistit
979 1026 1194 1088 (nempe
1218 1032 1480 1086 quatenus
1493 1027 1577 1075 vel
1601 1025 1799 1085 laudat,
1819 1026 1904 1076 vel
1923 1025 2071 1076 laud-

436 1106 572 1161 atur)
615 1103 832 1163 ponitur
875 1101 1142 1151 interdum
1194 1103 1555 1163 Metonymice
1590 1103 1725 1151 Laus
1760 1106 1846 1164 pro
1886 1102 2066 1164 lingua.

441 1178 576 1226 Haec
617 1178 1097 1226 Grammaticaliter
1129 1177 1197 1226 ad
1230 1178 1470 1236 verbum,
1507 1195 1653 1227 nunc
1687 1177 2069 1240 Philosophice

438 1252 506 1302 ad
530 1269 763 1312 sensum,
792 1252 886 1302 sed
908 1254 1110 1315 paucis,
1137 1252 1181 1300 δε
1203 1253 1601 1315 periphrastice.
1689 1263 1694 1266 “

494 1331 616 1378 Par.
657 1330 746 1378 Me
779 1329 1002 1378 habebis
1041 1329 1485 1390 attentissimum3
1522 1328 1754 1378 admiror
1788 1329 1931 1379 enim
1965 1330 2066 1379 ele-

271 1404 392 1456 2505
436 1406 642 1467 gantias
664 1411 799 1454 tuas.

496 1483 615 1530 Ped.
665 1481 898 1542 Optime,
946 1481 1023 1529 sic
1067 1481 1211 1530 enim
1254 1481 1357 1530 eris
1411 1481 1607 1543 ingenij
1665 1481 1830 1530 nostri
1884 1487 2066 1543 partus

435 1573 626 1607 aureus
654 1573 664 1605 :
703 1557 884 1605 Cedant
913 1573 1045 1605 arma
1083 1561 1208 1618 togae,
1243 1558 1452 1605 concedat
1487 1558 1646 1605 laurea
1684 1557 1869 1619 Zinguae.
1898 1556 2066 1620 Quasi
2155 1616 2166 1620 α

434 1632 646 1691 diceret,
695 1631 888 1682 cedant
934 1633 1285 1694 Imperatores
1335 1632 1515 1681 bellici
1560 1631 1876 1694 Paedagogis
1927 1632 2069 1694 paci·

433 1708 549 1757 ficis
586 1725 597 1756 ε
634 1706 826 1756 cedant
863 1706 1172 1756 bombardae
1204 1707 1495 1756 horrisonae
1531 1706 1848 1757 fulminibus
1869 1707 2069 1757 forens-

268 1784 390 1835 2510
433 1783 552 1833 ibus
595 1800 606 1831 :
650 1782 842 1832 cedant
873 1782 1015 1833 fures
1050 1799 1237 1832 omnes
1270 1782 1313 1830 &
1347 1782 1602 1845 oppidani
1636 1783 1792 1832 nobis
1831 1783 2065 1842 literatis,

405 1912 407 1915 ,
432 1860 525 1921 qui
549 1876 735 1908 sumus
759 1859 902 1908 oculi
925 1858 1251 1920 reipublicae.
1274 1858 1415 1908 Tum
1439 1865 1563 1920 toga
1585 1864 1664 1908 est
1685 1859 1830 1920 prior
1846 1863 2034 1921 tempore
2055 1875 2066 1907 :

431 1952 557 1984 nam
593 1934 721 1997 [143]
757 1950 916 1983 nemo
952 1940 1107 1996 aptus
1143 1940 1221 1983 est
1259 1933 1327 1983 ad
1366 1951 1527 1992 arma,
1568 1940 1855 1995 antequam
1888 1940 2068 1996 togam

429 2011 636 2059 virilem
668 2011 954 2072 sumpserit
980 2026 990 2058 :
1018 2009 1061 2057 δε
1084 2014 1269 2068 natura,
1309 2027 1434 2058 nam
1469 2027 1615 2059 arma
1638 2016 1763 2060 sunt
1794 2010 2029 2059 violenta
2054 2025 2066 2058 ε

430 2103 589 2135 omne
624 2092 803 2135 autem
837 2086 1133 2134 violentum
1167 2092 1246 2134 est
1278 2092 1462 2134 contra
1495 2092 1739 2135 naturam
1768 2102 1778 2135 :
1811 2085 1855 2133 ἃ
1887 2087 2063 2143 honore,

265 2162 401 2213 2515·
429 2179 554 2211 nam
595 2162 960 2223 suscipiuntur
994 2178 1157 2220 arma,
1194 2167 1253 2211 ut
1286 2162 1342 2210 in
1374 2178 1506 2223 pace
1540 2163 1782 2211 vivatur:
1809 2167 1862 2210 at
1893 2178 1998 2224 pax
2025 2160 2069 2208 &

426 2244 550 2299 toga
584 2236 988 2286 confunduntur
1015 2253 1025 2285 z
1053 2236 1285 2297 denique
1309 2236 1352 2284 Sc
1375 2237 1546 2295 ordine,
1575 2254 1700 2286 nam
1727 2236 1865 2286 ‘ordo
1897 2243 2067 2286 senat-

429 2313 572 2362 orius
626 2313 955 2374 Togatorum
1001 2319 1095 2361 est.
1146 2313 1289 2374 Ergo
1345 2313 1424 2374 (ut
1478 2312 1581 2361 hoc
1638 2312 2067 2375 Epiphonemate

428 2395 685 2449 tanquam
710 2389 886 2449 sigillo
906 2387 1155 2437 claudam
1177 2387 1378 2450 omnia)
1399 2388 1580 2437 Cedant
1593 2403 1726 2436 arma
1742 2392 1867 2451 togae,
1890 2390 2067 2437 conced-

430 2468 482 2512 at
502 2465 660 2512 laurea
684 2464 870 2525 linguae.

263 2539 386 2591 2520
489 2541 611 2588 Par.
643 2540 855 2598 Moriar,
883 2539 927 2587 si
950 2545 1000 2588 te
1025 2539 1311 2599 quisquam
1335 2556 1449 2588 esse
1472 2540 1640 2601 possit
1662 2539 1945 2601 copiosior.

488 2617 608 2664 Pedz
638 2616 805 2677 Copia
830 2632 948 2664 mea
972 2615 1197 2664 deterret
1220 2632 1380 2664 sanos
1402 2615 1649 2664 homines
1683 2633 1713 2664 a
1743 2614 2024 2664 scribendo
2051 2631 2062 2664 :

429 2690 522 2740 sed
565 2709 731 2740 vnum
777 2690 934 2749 addo,
985 2691 1181 2749 lauruS‚
1231 2691 1315 2740 vel
1356 2691 1536 2740 laurea
1579 2691 1771 2740 dicitur
1809 2697 2065 2751 tanquam

429 2768 611 2815 laudea.
637 2766 793 2815 Vnde
827 2765 986 2816 laude
1010 2765 1159 2827 digni
1193 2772 1318 2815 sunt
1350 2767 1588 2825 laureati,
1614 2767 1697 2815 vel
1733 2765 1981 2825 lauriferi‚
2007 2772 2067 2815 ut

430 2843 629 2901 Poetae,
666 2859 728 2891 ac
763 2841 886 2891 inde
922 2841 1049 2890 dicti
1087 2842 1486 2901 Bacchalaurei,
1513 2857 1744 2902 quorum
1769 2840 2064 2892 laureatiss-

264 2917 383 2968 2525
428 2918 521 2966 imi
571 2919 615 2967 si
666 2935 878 2967 mecum
923 2918 1107 2979 lingua
1154 2916 1507 2975 conferantur,
1556 2933 1647 2966 eos
1701 2933 1800 2978 ego
1845 2917 2063 2966 Oceano

429 2994 681 3042 orationis
716 3010 848 3042 meae
882 2994 953 3042 ita
992 2992 1236 3042 madidos
1270 2992 1506 3051 reddam,
1540 2999 1599 3042 ut
1631 2998 1740 3042 erat
1777 2993 2064 3042 Marcellus

428 3069 534 3128 ille,
571 3069 788 3130 quando
823 3070 977 3131 perijt
1010 3070 1067 3118 in
1100 3070 1249 3118 mari.
1286 3069 1370 3119 Tu
1406 3069 1601 3118 Parille
1636 3085 1763 3118 cave
1797 3068 1900 3117 hoc
1934 3084 2062 3118 nau·

426 3144 672 3207 fragium.
700 3145 828 3207 [144]
