<?xml version="1.0" encoding="UTF-8"?>
<!DOCTYPE html PUBLIC "-//W3C//DTD XHTML 1.0 Transitional//EN"
    "http://www.w3.org/TR/xhtml1/DTD/xhtml1-transitional.dtd">
<html xmlns="http://www.w3.org/1999/xhtml" xml:lang="en" lang="en">
 <head>
  <title>
</title>
<meta http-equiv="Content-Type" content="text/html;charset=utf-8" />
  <meta name='ocr-system' content='tesseract 3.04.00' />
  <meta name='ocr-capabilities' content='ocr_page ocr_carea ocr_par ocr_line ocrx_word'/>
</head>
<body>
  <div class='ocr_page' id='page_1' title='image "./pedantiuslatinco00forsuoft_0123.png"; bbox 0 0 2444 4140; ppageno 0'>
   <div class='ocr_carea' id='block_1_1' title="bbox 753 349 2047 455">
    <p class='ocr_par' dir='ltr' id='par_1_1' title="bbox 752 349 2047 467">
     <span class='ocr_line' id='line_1_1' title="bbox 753 349 2047 455; baseline 0.005 -18.995"><span class='ocrx_word' id='word_1_1' title='bbox 753 349 1063 438; x_wconf 53' lang='lat' dir='ltr'><em>fiedantius</em></span> <span class='ocrx_word' id='word_1_2' title='bbox 1087 385 1167 439; x_wconf 84' lang='lat' dir='ltr'>A.</span> <span class='ocrx_word' id='word_1_3' title='bbox 1189 393 1285 439; x_wconf 86' lang='lat' dir='ltr'>IV.</span> <span class='ocrx_word' id='word_1_4' title='bbox 1315 351 1404 439; x_wconf 68' lang='lat' dir='ltr'>Sc.</span> <span class='ocrx_word' id='word_1_5' title='bbox 1433 393 1535 438; x_wconf 82' lang='lat' dir='ltr'><em>III.</em></span> <span class='ocrx_word' id='word_1_6' title='bbox 1981 357 2047 455; x_wconf 66' lang='lat'>{7</span> 
     </span>
    </p>
   </div>
   <div class='ocr_carea' id='block_1_2' title="bbox 246 534 2047 902">
    <p class='ocr_par' dir='ltr' id='par_1_2' title="bbox 246 534 2047 902">
     <span class='ocr_line' id='line_1_2' title="bbox 413 534 2047 600; baseline 0.002 -17"><span class='ocrx_word' id='word_1_7' title='bbox 413 534 686 594; x_wconf 86' lang='lat' dir='ltr'>minativo,</span> <span class='ocrx_word' id='word_1_8' title='bbox 712 535 979 595; x_wconf 90' lang='lat' dir='ltr'>Ablativo,</span> <span class='ocrx_word' id='word_1_9' title='bbox 1016 535 1059 583; x_wconf 85' lang='lat'>&amp;</span> <span class='ocrx_word' id='word_1_10' title='bbox 1081 536 1259 586; x_wconf 91' lang='lat' dir='ltr'>Verbo</span> <span class='ocrx_word' id='word_1_11' title='bbox 1293 543 1524 598; x_wconf 81' lang='lat' dir='ltr'>nugatur</span> <span class='ocrx_word' id='word_1_12' title='bbox 1556 537 1812 598; x_wconf 84' lang='lat' dir='ltr'>quotidie.</span> <span class='ocrx_word' id='word_1_13' title='bbox 1846 539 1963 600; x_wconf 90' lang='lat' dir='ltr'>Ego</span> <span class='ocrx_word' id='word_1_14' title='bbox 1997 545 2047 587; x_wconf 91' lang='lat' dir='ltr'>te</span> 
     </span>
     <span class='ocr_line' id='line_1_3' title="bbox 405 610 2047 673; baseline 0.003 -15"><span class='ocrx_word' id='word_1_15' title='bbox 405 610 516 670; x_wconf 90' lang='lat' dir='ltr'>jam</span> <span class='ocrx_word' id='word_1_16' title='bbox 550 612 707 660; x_wconf 89' lang='lat' dir='ltr'>altius</span> <span class='ocrx_word' id='word_1_17' title='bbox 742 610 809 659; x_wconf 88' lang='lat' dir='ltr'>ad</span> <span class='ocrx_word' id='word_1_18' title='bbox 844 611 1270 673; x_wconf 83' lang='lat' dir='ltr'>Philosophiam,</span> <span class='ocrx_word' id='word_1_19' title='bbox 1296 619 1553 673; x_wconf 85' lang='lat' dir='ltr'>tanquam</span> <span class='ocrx_word' id='word_1_20' title='bbox 1577 613 1645 662; x_wconf 87' lang='lat' dir='ltr'>ad</span> <span class='ocrx_word' id='word_1_21' title='bbox 1679 614 1877 663; x_wconf 90' lang='lat' dir='ltr'>Polum</span> <span class='ocrx_word' id='word_1_22' title='bbox 1900 616 2047 663; x_wconf 87' lang='lat' dir='ltr'>Arct-</span> 
     </span>
     <span class='ocr_line' id='line_1_4' title="bbox 246 686 2047 749; baseline 0.002 -15"><span class='ocrx_word' id='word_1_23' title='bbox 246 701 368 734; x_wconf 90' lang='lat'><em>2000</em></span> <span class='ocrx_word' id='word_1_24' title='bbox 411 686 554 734; x_wconf 91' lang='lat' dir='ltr'>icum</span> <span class='ocrx_word' id='word_1_25' title='bbox 589 686 824 737; x_wconf 83' lang='lat' dir='ltr'>elevabo.</span> <span class='ocrx_word' id='word_1_26' title='bbox 855 687 996 735; x_wconf 90' lang='lat' dir='ltr'>Nam</span> <span class='ocrx_word' id='word_1_27' title='bbox 1030 688 1097 735; x_wconf 88' lang='lat' dir='ltr'>ibi</span> <span class='ocrx_word' id='word_1_28' title='bbox 1127 688 1289 749; x_wconf 75' lang='lat' dir='ltr'>incipit</span> <span class='ocrx_word' id='word_1_29' title='bbox 1321 689 1646 747; x_wconf 80' lang='lat' dir='ltr'>Ratiocinatio,</span> <span class='ocrx_word' id='word_1_30' title='bbox 1674 690 1749 737; x_wconf 83' lang='lat' dir='ltr'><em>vbi</em></span> <span class='ocrx_word' id='word_1_31' title='bbox 1778 689 1947 738; x_wconf 77' lang='lat' dir='ltr'>desinit</span> <span class='ocrx_word' id='word_1_32' title='bbox 1974 687 2047 738; x_wconf 56' lang='lat' dir='ltr'>d‘e·</span> 
     </span>
     <span class='ocr_line' id='line_1_5' title="bbox 411 761 2046 824; baseline 0.004 -16"><span class='ocrx_word' id='word_1_33' title='bbox 411 762 614 809; x_wconf 83' lang='lat' dir='ltr'><em>clinatio.</em></span> <span class='ocrx_word' id='word_1_34' title='bbox 652 761 758 810; x_wconf 86' lang='lat' dir='ltr'>Sed</span> <span class='ocrx_word' id='word_1_35' title='bbox 790 762 905 811; x_wconf 89' lang='lat' dir='ltr'>haec</span> <span class='ocrx_word' id='word_1_36' title='bbox 932 763 1043 824; x_wconf 88' lang='lat' dir='ltr'>jam</span> <span class='ocrx_word' id='word_1_37' title='bbox 1079 764 1342 812; x_wconf 87' lang='lat' dir='ltr'>sufficiant</span> <span class='ocrx_word' id='word_1_38' title='bbox 1378 780 1389 812; x_wconf 73' lang='grc' dir='ltr'><strong><em>ε</em></strong></span> <span class='ocrx_word' id='word_1_39' title='bbox 1425 781 1550 813; x_wconf 90' lang='lat' dir='ltr'>nam</span> <span class='ocrx_word' id='word_1_40' title='bbox 1586 765 1760 813; x_wconf 90' lang='lat' dir='ltr'>omnis</span> <span class='ocrx_word' id='word_1_41' title='bbox 1795 765 2046 814; x_wconf 89' lang='lat' dir='ltr'>saturatio</span> 
     </span>
     <span class='ocr_line' id='line_1_6' title="bbox 411 837 1865 902; baseline 0.003 -18"><span class='ocrx_word' id='word_1_42' title='bbox 411 837 568 894; x_wconf 87' lang='lat' dir='ltr'>mala,</span> <span class='ocrx_word' id='word_1_43' title='bbox 596 837 1039 898; x_wconf 90' lang='lat' dir='ltr'>Syllogismorum</span> <span class='ocrx_word' id='word_1_44' title='bbox 1065 855 1189 888; x_wconf 92' lang='lat' dir='ltr'>vero</span> <span class='ocrx_word' id='word_1_45' title='bbox 1211 840 1461 900; x_wconf 90' lang='lat' dir='ltr'>pessima.</span> <span class='ocrx_word' id='word_1_46' title='bbox 1490 841 1710 889; x_wconf 87' lang='lat' dir='ltr'>Eamus.</span> <span class='ocrx_word' id='word_1_47' title='bbox 1737 839 1865 902; x_wconf 90' lang='lat'>[114]</span> 
     </span>
    </p>
   </div>
   <div class='ocr_carea' id='block_1_3' title="bbox 243 967 1495 1284">
    <p class='ocr_par' dir='ltr' id='par_1_3' title="bbox 243 967 1495 1284">
     <span class='ocr_line' id='line_1_7' title="bbox 810 967 1495 1039; baseline 0.004 -20"><span class='ocrx_word' id='word_1_48' title='bbox 810 967 992 1020; x_wconf 79' lang='lat' dir='ltr'>Actus</span> <span class='ocrx_word' id='word_1_49' title='bbox 1018 969 1289 1039; x_wconf 73' lang='lat' dir='ltr'>Quartus,</span> <span class='ocrx_word' id='word_1_50' title='bbox 1318 969 1495 1022; x_wconf 78' lang='lat' dir='ltr'>Scena</span> 
     </span>
     <span class='ocr_line' id='line_1_8' title="bbox 1047 1104 1242 1154; baseline 0 -1"><span class='ocrx_word' id='word_1_51' title='bbox 1047 1104 1242 1154; x_wconf 88' lang='lat' dir='ltr'>Tertia.</span> 
     </span>
     <span class='ocr_line' id='line_1_9' title="bbox 243 1233 1427 1284; baseline 0.002 -2"><span class='ocrx_word' id='word_1_52' title='bbox 243 1233 364 1282; x_wconf 89' lang='lat'>2005</span> <span class='ocrx_word' id='word_1_53' title='bbox 871 1235 1202 1283; x_wconf 83' lang='lat' dir='ltr'><strong>PEDANTIVS.</strong></span> <span class='ocrx_word' id='word_1_54' title='bbox 1232 1236 1427 1284; x_wconf 76' lang='lat' dir='ltr'>Lvmo,</span> 
     </span>
    </p>
   </div>
   <div class='ocr_carea' id='block_1_4' title="bbox 239 1364 2047 3313">
    <p class='ocr_par' dir='ltr' id='par_1_4' title="bbox 407 1364 2047 1653">
     <span class='ocr_line' id='line_1_10' title="bbox 474 1364 2043 1427; baseline 0.003 -16"><span class='ocrx_word' id='word_1_55' title='bbox 474 1364 627 1412; x_wconf 88' lang='lat' dir='ltr'>Ferte</span> <span class='ocrx_word' id='word_1_56' title='bbox 652 1381 810 1426; x_wconf 90' lang='lat' dir='ltr'>opem</span> <span class='ocrx_word' id='word_1_57' title='bbox 833 1367 1134 1427; x_wconf 83' lang='lat' dir='ltr'>populares,</span> <span class='ocrx_word' id='word_1_58' title='bbox 1163 1366 1440 1415; x_wconf 90' lang='lat' dir='ltr'>subvenite</span> <span class='ocrx_word' id='word_1_59' title='bbox 1464 1367 1730 1426; x_wconf 85' lang='lat' dir='ltr'>mortales,</span> <span class='ocrx_word' id='word_1_60' title='bbox 1756 1366 1800 1414; x_wconf 72' lang='grc' dir='ltr'>δε</span> <span class='ocrx_word' id='word_1_61' title='bbox 1831 1367 2043 1416; x_wconf 92' lang='lat' dir='ltr'>immor·</span> 
     </span>
     <span class='ocr_line' id='line_1_11' title="bbox 407 1437 2045 1504; baseline 0.002 -16"><span class='ocrx_word' id='word_1_62' title='bbox 407 1441 558 1488; x_wconf 86' lang='lat' dir='ltr'>tales.</span> <span class='ocrx_word' id='word_1_63' title='bbox 589 1437 722 1489; x_wconf 85' lang='lat' dir='ltr'>Itan&#39;</span> <span class='ocrx_word' id='word_1_64' title='bbox 746 1440 896 1502; x_wconf 89' lang='lat' dir='ltr'>illudj</span> <span class='ocrx_word' id='word_1_65' title='bbox 921 1442 1183 1502; x_wconf 90' lang='lat' dir='ltr'>politioris</span> <span class='ocrx_word' id='word_1_66' title='bbox 1207 1442 1491 1491; x_wconf 86' lang='lat' dir='ltr'>literaturae</span> <span class='ocrx_word' id='word_1_67' title='bbox 1507 1441 1899 1504; x_wconf 87' lang='lat' dir='ltr'>professorem?</span> <span class='ocrx_word' id='word_1_68' title='bbox 1923 1443 2045 1504; x_wconf 78' lang='lat' dir='ltr'>Qua</span> 
     </span>
     <span class='ocr_line' id='line_1_12' title="bbox 407 1516 2047 1579; baseline 0.001 -16"><span class='ocrx_word' id='word_1_69' title='bbox 407 1516 462 1563; x_wconf 92' lang='lat' dir='ltr'>in</span> <span class='ocrx_word' id='word_1_70' title='bbox 485 1516 746 1577; x_wconf 76' lang='lat' dir='ltr'>republica</span> <span class='ocrx_word' id='word_1_71' title='bbox 769 1517 998 1565; x_wconf 89' lang='lat' dir='ltr'>vivimus</span> <span class='ocrx_word' id='word_1_72' title='bbox 1019 1517 1038 1563; x_wconf 76' lang='grc' dir='ltr'>Ρ</span> <span class='ocrx_word' id='word_1_73' title='bbox 1061 1517 1226 1578; x_wconf 91' lang='lat' dir='ltr'>Cujus</span> <span class='ocrx_word' id='word_1_74' title='bbox 1248 1517 1482 1565; x_wconf 90' lang='lat' dir='ltr'>hominis</span> <span class='ocrx_word' id='word_1_75' title='bbox 1505 1516 1639 1566; x_wconf 88' lang='lat' dir='ltr'>fides</span> <span class='ocrx_word' id='word_1_76' title='bbox 1673 1517 2047 1579; x_wconf 88' lang='lat' dir='ltr'>imploranda?</span> 
     </span>
     <span class='ocr_line' id='line_1_13' title="bbox 410 1591 2044 1653; baseline 0.001 -14"><span class='ocrx_word' id='word_1_77' title='bbox 410 1591 515 1652; x_wconf 76' lang='lat' dir='ltr'>Qui</span> <span class='ocrx_word' id='word_1_78' title='bbox 561 1597 797 1650; x_wconf 89' lang='lat' dir='ltr'>questus,</span> <span class='ocrx_word' id='word_1_79' title='bbox 846 1592 938 1651; x_wconf 89' lang='lat' dir='ltr'>qui</span> <span class='ocrx_word' id='word_1_80' title='bbox 983 1607 1172 1640; x_wconf 87' lang='lat' dir='ltr'>maeror</span> <span class='ocrx_word' id='word_1_81' title='bbox 1216 1591 1411 1653; x_wconf 88' lang='lat' dir='ltr'>dignus</span> <span class='ocrx_word' id='word_1_82' title='bbox 1466 1592 1691 1641; x_wconf 88' lang='lat' dir='ltr'>inveniri</span> <span class='ocrx_word' id='word_1_83' title='bbox 1745 1593 2044 1641; x_wconf 87' lang='lat' dir='ltr'>calamitate</span> 
     </span>
    </p>

    <p class='ocr_par' dir='ltr' id='par_1_5' title="bbox 241 1666 2044 2028">
     <span class='ocr_line' id='line_1_14' title="bbox 241 1666 2044 1727; baseline 0.001 -12"><span class='ocrx_word' id='word_1_84' title='bbox 241 1682 364 1716; x_wconf 88' lang='lat'>2010</span> <span class='ocrx_word' id='word_1_85' title='bbox 407 1673 587 1714; x_wconf 86' lang='lat' dir='ltr'>nostra</span> <span class='ocrx_word' id='word_1_86' title='bbox 609 1667 821 1727; x_wconf 89' lang='lat' dir='ltr'>potest?</span> <span class='ocrx_word' id='word_1_87' title='bbox 845 1667 1026 1714; x_wconf 82' lang='lat' dir='ltr'>Minos</span> <span class='ocrx_word' id='word_1_88' title='bbox 1049 1666 1092 1713; x_wconf 87' lang='lat'>&amp;</span> <span class='ocrx_word' id='word_1_89' title='bbox 1119 1666 1563 1716; x_wconf 83' lang='lat' dir='ltr'>Rhadamanthus</span> <span class='ocrx_word' id='word_1_90' title='bbox 1585 1668 1787 1716; x_wconf 91' lang='lat' dir='ltr'>vtinam</span> <span class='ocrx_word' id='word_1_91' title='bbox 1819 1668 2044 1716; x_wconf 87' lang='lat' dir='ltr'>revives-</span> 
     </span>
     <span class='ocr_line' id='line_1_15' title="bbox 406 1742 2042 1806; baseline 0.002 -17"><span class='ocrx_word' id='word_1_92' title='bbox 406 1747 585 1789; x_wconf 90' lang='lat' dir='ltr'>cerent</span> <span class='ocrx_word' id='word_1_93' title='bbox 602 1742 748 1802; x_wconf 90' lang='lat' dir='ltr'>(nam</span> <span class='ocrx_word' id='word_1_94' title='bbox 773 1742 952 1789; x_wconf 89' lang='lat' dir='ltr'>coeteri</span> <span class='ocrx_word' id='word_1_95' title='bbox 978 1742 1064 1803; x_wconf 88' lang='lat' dir='ltr'>Dij</span> <span class='ocrx_word' id='word_1_96' title='bbox 1091 1758 1278 1790; x_wconf 89' lang='lat' dir='ltr'>omnes</span> <span class='ocrx_word' id='word_1_97' title='bbox 1301 1749 1481 1791; x_wconf 89' lang='lat' dir='ltr'>nectar</span> <span class='ocrx_word' id='word_1_98' title='bbox 1503 1742 1697 1806; x_wconf 85' lang='lat' dir='ltr'>bibunt</span> <span class='ocrx_word' id='word_1_99' title='bbox 1719 1743 1892 1801; x_wconf 87' lang='lat' dir='ltr'>otiosi,</span> <span class='ocrx_word' id='word_1_100' title='bbox 1913 1742 2042 1792; x_wconf 90' lang='lat' dir='ltr'>dum</span> 
     </span>
     <span class='ocr_line' id='line_1_16' title="bbox 406 1815 2043 1879; baseline 0.001 -15"><span class='ocrx_word' id='word_1_101' title='bbox 406 1832 523 1876; x_wconf 94' lang='lat' dir='ltr'>ego,</span> <span class='ocrx_word' id='word_1_102' title='bbox 562 1815 691 1865; x_wconf 93' lang='lat' dir='ltr'>dum</span> <span class='ocrx_word' id='word_1_103' title='bbox 727 1833 826 1878; x_wconf 89' lang='lat' dir='ltr'>ego</span> <span class='ocrx_word' id='word_1_104' title='bbox 862 1818 1054 1865; x_wconf 88' lang='lat' dir='ltr'>Orator</span> <span class='ocrx_word' id='word_1_105' title='bbox 1087 1833 1271 1867; x_wconf 90' lang='lat' dir='ltr'>eorum</span> <span class='ocrx_word' id='word_1_106' title='bbox 1312 1818 1584 1879; x_wconf 90' lang='lat' dir='ltr'>opprimor</span> <span class='ocrx_word' id='word_1_107' title='bbox 1622 1817 1864 1879; x_wconf 89' lang='lat' dir='ltr'>injurijs).</span> <span class='ocrx_word' id='word_1_108' title='bbox 1899 1817 2043 1867; x_wconf 91' lang='lat' dir='ltr'>Audi</span> 
     </span>
     <span class='ocr_line' id='line_1_17' title="bbox 402 1891 2041 1954; baseline 0.001 -15"><span class='ocrx_word' id='word_1_109' title='bbox 402 1891 581 1950; x_wconf 83' lang='lat' dir='ltr'><em>Minos,</em></span> <span class='ocrx_word' id='word_1_110' title='bbox 611 1892 771 1940; x_wconf 91' lang='lat' dir='ltr'>minis</span> <span class='ocrx_word' id='word_1_111' title='bbox 795 1892 1055 1954; x_wconf 87' lang='lat' dir='ltr'>spoliatus</span> <span class='ocrx_word' id='word_1_112' title='bbox 1088 1909 1207 1941; x_wconf 89' lang='lat' dir='ltr'>sum</span> <span class='ocrx_word' id='word_1_113' title='bbox 1242 1892 1402 1941; x_wconf 89' lang='lat' dir='ltr'>simul</span> <span class='ocrx_word' id='word_1_114' title='bbox 1435 1892 1623 1952; x_wconf 89' lang='lat' dir='ltr'>viginti</span> <span class='ocrx_word' id='word_1_115' title='bbox 1655 1909 1750 1953; x_wconf 94' lang='lat' dir='ltr'>per</span> <span class='ocrx_word' id='word_1_116' title='bbox 1781 1891 2041 1941; x_wconf 84' lang='lat' dir='ltr'>fraudem.</span> 
     </span>
     <span class='ocr_line' id='line_1_18' title="bbox 400 1966 2043 2028; baseline 0.001 -13"><span class='ocrx_word' id='word_1_117' title='bbox 400 1967 641 2016; x_wconf 80' lang='lat' dir='ltr'>&#39;Facinus</span> <span class='ocrx_word' id='word_1_118' title='bbox 666 1966 947 2028; x_wconf 88' lang='lat' dir='ltr'>indignum</span> <span class='ocrx_word' id='word_1_119' title='bbox 967 1967 977 2015; x_wconf 72' lang='lat' dir='ltr'>l</span> <span class='ocrx_word' id='word_1_120' title='bbox 1001 1968 1245 2016; x_wconf 88' lang='lat' dir='ltr'>Persuasi</span> <span class='ocrx_word' id='word_1_121' title='bbox 1273 1967 1405 2016; x_wconf 91' lang='lat' dir='ltr'>mihi</span> <span class='ocrx_word' id='word_1_122' title='bbox 1428 1967 1659 2016; x_wconf 86' lang='lat' dir='ltr'>foelicem</span> <span class='ocrx_word' id='word_1_123' title='bbox 1682 1967 1794 2016; x_wconf 86' lang='lat' dir='ltr'>fore</span> <span class='ocrx_word' id='word_1_124' title='bbox 1812 1985 1914 2016; x_wconf 92' lang='lat' dir='ltr'>me.</span> <span class='ocrx_word' id='word_1_125' title='bbox 1937 1967 2043 2017; x_wconf 89' lang='lat' dir='ltr'>Sed</span> 
     </span>
    </p>

    <p class='ocr_par' dir='ltr' id='par_1_6' title="bbox 240 2042 1927 2102">
     <span class='ocr_line' id='line_1_19' title="bbox 240 2042 1927 2102; baseline 0.001 -12"><span class='ocrx_word' id='word_1_126' title='bbox 240 2042 362 2091; x_wconf 88' lang='lat'>2015</span> <span class='ocrx_word' id='word_1_127' title='bbox 407 2058 439 2090; x_wconf 96' lang='lat' dir='ltr'>o</span> <span class='ocrx_word' id='word_1_128' title='bbox 465 2042 649 2101; x_wconf 93' lang='lat' dir='ltr'>Solon,</span> <span class='ocrx_word' id='word_1_129' title='bbox 678 2042 863 2101; x_wconf 93' lang='lat' dir='ltr'>Solon,</span> <span class='ocrx_word' id='word_1_130' title='bbox 891 2049 1044 2092; x_wconf 92' lang='lat' dir='ltr'>tuum</span> <span class='ocrx_word' id='word_1_131' title='bbox 1069 2049 1179 2091; x_wconf 87' lang='lat' dir='ltr'>erat</span> <span class='ocrx_word' id='word_1_132' title='bbox 1200 2042 1352 2102; x_wconf 87' lang='lat' dir='ltr'>illud,</span> <span class='ocrx_word' id='word_1_133' title='bbox 1378 2045 1500 2091; x_wconf 81' lang='lat' dir='ltr'>Ante</span> <span class='ocrx_word' id='word_1_134' title='bbox 1520 2043 1688 2091; x_wconf 85' lang='lat' dir='ltr'><em>obitum</em></span> <span class='ocrx_word' id='word_1_135' title='bbox 1710 2060 1832 2091; x_wconf 80' lang='lat' dir='ltr'><em>nemo</em></span> <span class='ocrx_word' id='word_1_136' title='bbox 1850 2073 1927 2092; x_wconf 89' lang='lat'>—.</span> 
     </span>
    </p>

    <p class='ocr_par' dir='ltr' id='par_1_7' title="bbox 406 2118 2044 2255">
     <span class='ocr_line' id='line_1_20' title="bbox 463 2118 2044 2180; baseline 0.001 -15"><span class='ocrx_word' id='word_1_137' title='bbox 463 2119 594 2166; x_wconf 87' lang='lat' dir='ltr'>Lud.</span> <span class='ocrx_word' id='word_1_138' title='bbox 642 2118 803 2180; x_wconf 75' lang='lat' dir='ltr'>Quod</span> <span class='ocrx_word' id='word_1_139' title='bbox 842 2119 885 2166; x_wconf 89' lang='lat' dir='ltr'>si</span> <span class='ocrx_word' id='word_1_140' title='bbox 923 2124 981 2167; x_wconf 87' lang='lat' dir='ltr'>tu</span> <span class='ocrx_word' id='word_1_141' title='bbox 1016 2119 1130 2180; x_wconf 91' lang='lat' dir='ltr'>ipse</span> <span class='ocrx_word' id='word_1_142' title='bbox 1164 2118 1275 2180; x_wconf 86' lang='lat' dir='ltr'>jam</span> <span class='ocrx_word' id='word_1_143' title='bbox 1313 2135 1408 2180; x_wconf 89' lang='lat' dir='ltr'>per</span> <span class='ocrx_word' id='word_1_144' title='bbox 1446 2119 1652 2179; x_wconf 82' lang='lat' dir='ltr'>aliquot</span> <span class='ocrx_word' id='word_1_145' title='bbox 1688 2118 1802 2167; x_wconf 91' lang='lat' dir='ltr'>dies</span> <span class='ocrx_word' id='word_1_146' title='bbox 1844 2119 2044 2180; x_wconf 91' lang='lat' dir='ltr'>Iupiter</span> 
     </span>
     <span class='ocr_line' id='line_1_21' title="bbox 406 2193 1837 2255; baseline 0 -13"><span class='ocrx_word' id='word_1_147' title='bbox 406 2210 565 2252; x_wconf 88' lang='lat' dir='ltr'>esses,</span> <span class='ocrx_word' id='word_1_148' title='bbox 593 2193 752 2242; x_wconf 92' lang='lat' dir='ltr'>credo</span> <span class='ocrx_word' id='word_1_149' title='bbox 778 2194 853 2242; x_wconf 93' lang='lat' dir='ltr'>sic</span> <span class='ocrx_word' id='word_1_150' title='bbox 877 2210 988 2242; x_wconf 95' lang='lat' dir='ltr'>non</span> <span class='ocrx_word' id='word_1_151' title='bbox 1012 2193 1257 2242; x_wconf 87' lang='lat' dir='ltr'>evaderet</span> <span class='ocrx_word' id='word_1_152' title='bbox 1278 2193 1486 2242; x_wconf 87' lang='lat' dir='ltr'>fulmen</span> <span class='ocrx_word' id='word_1_153' title='bbox 1508 2200 1679 2243; x_wconf 89' lang='lat' dir='ltr'>tuum.</span> <span class='ocrx_word' id='word_1_154' title='bbox 1709 2193 1837 2255; x_wconf 87' lang='lat'>[115]</span> 
     </span>
    </p>

    <p class='ocr_par' dir='ltr' id='par_1_8' title="bbox 404 2268 2044 2406">
     <span class='ocr_line' id='line_1_22' title="bbox 464 2268 2044 2330; baseline -0.001 -12"><span class='ocrx_word' id='word_1_155' title='bbox 464 2270 583 2318; x_wconf 82' lang='lat' dir='ltr'>Ped.</span> <span class='ocrx_word' id='word_1_156' title='bbox 628 2269 684 2317; x_wconf 94' lang='lat' dir='ltr'>Si</span> <span class='ocrx_word' id='word_1_157' title='bbox 715 2270 804 2317; x_wconf 92' lang='lat' dir='ltr'>ille</span> <span class='ocrx_word' id='word_1_158' title='bbox 838 2286 956 2317; x_wconf 92' lang='lat' dir='ltr'>mea</span> <span class='ocrx_word' id='word_1_159' title='bbox 989 2270 1106 2318; x_wconf 88' lang='lat' dir='ltr'>vice</span> <span class='ocrx_word' id='word_1_160' title='bbox 1142 2268 1436 2318; x_wconf 88' lang='lat' dir='ltr'>Pedantius</span> <span class='ocrx_word' id='word_1_161' title='bbox 1475 2275 1628 2327; x_wconf 86' lang='lat' dir='ltr'>esset,</span> <span class='ocrx_word' id='word_1_162' title='bbox 1661 2285 1760 2330; x_wconf 91' lang='lat' dir='ltr'>ego</span> <span class='ocrx_word' id='word_1_163' title='bbox 1793 2269 1897 2318; x_wconf 89' lang='lat' dir='ltr'>nisi</span> <span class='ocrx_word' id='word_1_164' title='bbox 1930 2268 2044 2330; x_wconf 90' lang='lat' dir='ltr'>ejus</span> 
     </span>
     <span class='ocr_line' id='line_1_23' title="bbox 404 2344 2044 2406; baseline -0.001 -13"><span class='ocrx_word' id='word_1_165' title='bbox 404 2345 623 2406; x_wconf 90' lang='lat' dir='ltr'>injurias</span> <span class='ocrx_word' id='word_1_166' title='bbox 657 2345 956 2403; x_wconf 90' lang='lat' dir='ltr'>ulciscerer,</span> <span class='ocrx_word' id='word_1_167' title='bbox 984 2345 1131 2393; x_wconf 91' lang='lat' dir='ltr'>brevi</span> <span class='ocrx_word' id='word_1_168' title='bbox 1161 2351 1400 2406; x_wconf 90' lang='lat' dir='ltr'>tempore</span> <span class='ocrx_word' id='word_1_169' title='bbox 1435 2345 1651 2393; x_wconf 89' lang='lat' dir='ltr'>inermis</span> <span class='ocrx_word' id='word_1_170' title='bbox 1683 2344 1869 2393; x_wconf 87' lang='lat' dir='ltr'>forem.</span> <span class='ocrx_word' id='word_1_171' title='bbox 1897 2344 2044 2406; x_wconf 72' lang='lat' dir='ltr'>Quin</span> 
     </span>
    </p>

    <p class='ocr_par' dir='ltr' id='par_1_9' title="bbox 239 2419 2044 2781">
     <span class='ocr_line' id='line_1_24' title="bbox 239 2419 2044 2481; baseline -0.001 -12"><span class='ocrx_word' id='word_1_172' title='bbox 239 2436 361 2470; x_wconf 87' lang='lat'>2020</span> <span class='ocrx_word' id='word_1_173' title='bbox 404 2421 447 2468; x_wconf 91' lang='lat' dir='ltr'>si</span> <span class='ocrx_word' id='word_1_174' title='bbox 471 2421 554 2469; x_wconf 91' lang='lat' dir='ltr'>vel</span> <span class='ocrx_word' id='word_1_175' title='bbox 583 2422 698 2468; x_wconf 85' lang='lat' dir='ltr'>Rex</span> <span class='ocrx_word' id='word_1_176' title='bbox 721 2436 890 2468; x_wconf 90' lang='lat' dir='ltr'>essem</span> <span class='ocrx_word' id='word_1_177' title='bbox 917 2419 985 2468; x_wconf 90' lang='lat' dir='ltr'>ad</span> <span class='ocrx_word' id='word_1_178' title='bbox 1013 2426 1242 2481; x_wconf 84' lang='lat' dir='ltr'>tempus,</span> <span class='ocrx_word' id='word_1_179' title='bbox 1269 2426 1327 2468; x_wconf 92' lang='lat' dir='ltr'>ut</span> <span class='ocrx_word' id='word_1_180' title='bbox 1358 2419 1610 2468; x_wconf 88' lang='lat' dir='ltr'>haberem</span> <span class='ocrx_word' id='word_1_181' title='bbox 1646 2436 1768 2469; x_wconf 91' lang='lat' dir='ltr'>curn</span> <span class='ocrx_word' id='word_1_182' title='bbox 1806 2419 2044 2480; x_wconf 87' lang='lat' dir='ltr'>Regibus</span> 
     </span>
     <span class='ocr_line' id='line_1_25' title="bbox 404 2495 2042 2557; baseline 0 -15"><span class='ocrx_word' id='word_1_183' title='bbox 404 2496 563 2556; x_wconf 83' lang='lat' dir='ltr'>longas</span> <span class='ocrx_word' id='word_1_184' title='bbox 584 2511 760 2552; x_wconf 76' lang='lat' dir='ltr'><em>manuS,</em></span> <span class='ocrx_word' id='word_1_185' title='bbox 784 2496 942 2544; x_wconf 85' lang='lat' dir='ltr'>istum</span> <span class='ocrx_word' id='word_1_186' title='bbox 963 2511 1062 2556; x_wconf 92' lang='lat' dir='ltr'>ego</span> <span class='ocrx_word' id='word_1_187' title='bbox 1080 2495 1575 2557; x_wconf 88' lang='lat' dir='ltr'>pestilentissimum</span> <span class='ocrx_word' id='word_1_188' title='bbox 1594 2496 1854 2543; x_wconf 89' lang='lat' dir='ltr'>latronem</span> <span class='ocrx_word' id='word_1_189' title='bbox 1872 2510 2042 2556; x_wconf 90' lang='lat' dir='ltr'>reper-</span> 
     </span>
     <span class='ocr_line' id='line_1_26' title="bbox 405 2568 2044 2632; baseline -0.001 -14"><span class='ocrx_word' id='word_1_190' title='bbox 405 2571 535 2619; x_wconf 89' lang='lat' dir='ltr'>irem</span> <span class='ocrx_word' id='word_1_191' title='bbox 569 2569 613 2617; x_wconf 83' lang='lat'>&amp;</span> <span class='ocrx_word' id='word_1_192' title='bbox 646 2587 903 2632; x_wconf 86' lang='lat' dir='ltr'>raperem,</span> <span class='ocrx_word' id='word_1_193' title='bbox 941 2586 1166 2628; x_wconf 87' lang='lat' dir='ltr'>ruerem,</span> <span class='ocrx_word' id='word_1_194' title='bbox 1199 2576 1605 2631; x_wconf 88' lang='lat' dir='ltr'>prosternerem.</span> <span class='ocrx_word' id='word_1_195' title='bbox 1646 2569 1768 2628; x_wconf 91' lang='lat' dir='ltr'>Vbi,</span> <span class='ocrx_word' id='word_1_196' title='bbox 1804 2568 1895 2618; x_wconf 86' lang='lat' dir='ltr'>vbi</span> <span class='ocrx_word' id='word_1_197' title='bbox 1929 2568 2044 2617; x_wconf 86' lang='lat' dir='ltr'>est?</span> 
     </span>
     <span class='ocr_line' id='line_1_27' title="bbox 407 2637 2043 2707; baseline 0.001 -14"><span class='ocrx_word' id='word_1_198' title='bbox 407 2646 568 2694; x_wconf 90' lang='lat' dir='ltr'>Nunc</span> <span class='ocrx_word' id='word_1_199' title='bbox 603 2646 860 2705; x_wconf 92' lang='lat' dir='ltr'>quoniam</span> <span class='ocrx_word' id='word_1_200' title='bbox 895 2645 971 2707; x_wconf 89' lang='lat' dir='ltr'>(vt</span> <span class='ocrx_word' id='word_1_201' title='bbox 1003 2644 1164 2703; x_wconf 90' lang='lat' dir='ltr'>nosti)</span> <span class='ocrx_word' id='word_1_202' title='bbox 1189 2637 1380 2693; x_wconf 86' lang='lat' dir='ltr'>Orator</span> <span class='ocrx_word' id='word_1_203' title='bbox 1402 2661 1539 2703; x_wconf 90' lang='lat' dir='ltr'>sum,</span> <span class='ocrx_word' id='word_1_204' title='bbox 1566 2643 1698 2705; x_wconf 93' lang='lat' dir='ltr'>quid</span> <span class='ocrx_word' id='word_1_205' title='bbox 1731 2645 1774 2692; x_wconf 88' lang='lat' dir='ltr'>si</span> <span class='ocrx_word' id='word_1_206' title='bbox 1807 2645 1864 2693; x_wconf 90' lang='lat' dir='ltr'>in</span> <span class='ocrx_word' id='word_1_207' title='bbox 1896 2643 2043 2694; x_wconf 84' lang='lat' dir='ltr'>hunc</span> 
     </span>
     <span class='ocr_line' id='line_1_28' title="bbox 403 2719 2040 2781; baseline -0.002 -11"><span class='ocrx_word' id='word_1_208' title='bbox 403 2721 922 2770; x_wconf 86' lang='lat' dir='ltr'>turbulentissimum</span> <span class='ocrx_word' id='word_1_209' title='bbox 972 2721 1142 2769; x_wconf 88' lang='lat' dir='ltr'>civem</span> <span class='ocrx_word' id='word_1_210' title='bbox 1200 2719 1530 2781; x_wconf 89' lang='lat' dir='ltr'>Philippicas</span> <span class='ocrx_word' id='word_1_211' title='bbox 1585 2720 1874 2768; x_wconf 89' lang='lat' dir='ltr'>nonnullas</span> <span class='ocrx_word' id='word_1_212' title='bbox 1916 2735 2040 2768; x_wconf 90' lang='lat' dir='ltr'>con-</span> 
     </span>
    </p>

    <p class='ocr_par' dir='ltr' id='par_1_10' title="bbox 240 2794 2040 2997">
     <span class='ocr_line' id='line_1_29' title="bbox 240 2794 2037 2865; baseline -0.002 -19"><span class='ocrx_word' id='word_1_213' title='bbox 240 2797 360 2846; x_wconf 88' lang='lat'>2025</span> <span class='ocrx_word' id='word_1_214' title='bbox 406 2797 652 2856; x_wconf 89' lang='lat' dir='ltr'>scribam,</span> <span class='ocrx_word' id='word_1_215' title='bbox 700 2796 767 2845; x_wconf 92' lang='lat' dir='ltr'>ad</span> <span class='ocrx_word' id='word_1_216' title='bbox 792 2796 1161 2865; x_wconf 50' lang='lat' dir='ltr'>„imitationem</span> <span class='ocrx_word' id='word_1_217' title='bbox 1208 2796 1496 2854; x_wconf 83' lang='lat' dir='ltr'>CiceroniS,</span> <span class='ocrx_word' id='word_1_218' title='bbox 1533 2794 1575 2842; x_wconf 72' lang='grc' dir='ltr'>ἃ</span> <span class='ocrx_word' id='word_1_219' title='bbox 1610 2794 1989 2844; x_wconf 89' lang='lat' dir='ltr'>Demosthenis</span> <span class='ocrx_word' id='word_1_220' title='bbox 2026 2810 2037 2842; x_wconf 93' lang='lat'><strong>:</strong></span> 
     </span>
     <span class='ocr_line' id='line_1_30' title="bbox 406 2868 2040 2933; baseline -0.002 -12"><span class='ocrx_word' id='word_1_221' title='bbox 406 2889 530 2920; x_wconf 91' lang='lat' dir='ltr'>nam</span> <span class='ocrx_word' id='word_1_222' title='bbox 576 2888 736 2921; x_wconf 92' lang='lat' dir='ltr'>nemo</span> <span class='ocrx_word' id='word_1_223' title='bbox 786 2870 1074 2933; x_wconf 79' lang='lat' dir='ltr'>reipublicae</span> <span class='ocrx_word' id='word_1_224' title='bbox 1122 2871 1388 2929; x_wconf 83' lang='lat' dir='ltr'>inimicuS‚</span> <span class='ocrx_word' id='word_1_225' title='bbox 1430 2871 1524 2930; x_wconf 91' lang='lat' dir='ltr'>qui</span> <span class='ocrx_word' id='word_1_226' title='bbox 1567 2886 1679 2919; x_wconf 92' lang='lat' dir='ltr'>non</span> <span class='ocrx_word' id='word_1_227' title='bbox 1722 2869 1864 2918; x_wconf 90' lang='lat' dir='ltr'>idem</span> <span class='ocrx_word' id='word_1_228' title='bbox 1908 2868 2040 2918; x_wconf 90' lang='lat' dir='ltr'>mihi</span> 
     </span>
     <span class='ocr_line' id='line_1_31' title="bbox 408 2946 898 2997; baseline 0 -2"><span class='ocrx_word' id='word_1_229' title='bbox 408 2947 610 2997; x_wconf 91' lang='lat' dir='ltr'>bellum</span> <span class='ocrx_word' id='word_1_230' title='bbox 635 2946 898 2996; x_wconf 85' lang='lat' dir='ltr'>indixerit.</span> 
     </span>
    </p>

    <p class='ocr_par' dir='ltr' id='par_1_11' title="bbox 407 3019 2041 3159">
     <span class='ocr_line' id='line_1_32' title="bbox 463 3019 2041 3082; baseline -0.003 -11"><span class='ocrx_word' id='word_1_231' title='bbox 463 3023 594 3071; x_wconf 86' lang='lat' dir='ltr'>Lud.</span> <span class='ocrx_word' id='word_1_232' title='bbox 622 3022 760 3072; x_wconf 90' lang='lat' dir='ltr'>Tum</span> <span class='ocrx_word' id='word_1_233' title='bbox 787 3038 912 3071; x_wconf 90' lang='lat' dir='ltr'>vero</span> <span class='ocrx_word' id='word_1_234' title='bbox 947 3021 1118 3082; x_wconf 91' lang='lat' dir='ltr'>magis</span> <span class='ocrx_word' id='word_1_235' title='bbox 1151 3021 1427 3069; x_wconf 89' lang='lat' dir='ltr'>hominem</span> <span class='ocrx_word' id='word_1_236' title='bbox 1461 3020 1734 3081; x_wconf 87' lang='lat' dir='ltr'>affligeres,</span> <span class='ocrx_word' id='word_1_237' title='bbox 1761 3036 1923 3080; x_wconf 90' lang='lat' dir='ltr'>quam</span> <span class='ocrx_word' id='word_1_238' title='bbox 1957 3019 2041 3067; x_wconf 90' lang='lat' dir='ltr'>vel</span> 
     </span>
     <span class='ocr_line' id='line_1_33' title="bbox 407 3095 2038 3159; baseline -0.002 -13"><span class='ocrx_word' id='word_1_239' title='bbox 407 3098 607 3159; x_wconf 85' lang='lat' dir='ltr'>Iupiter</span> <span class='ocrx_word' id='word_1_240' title='bbox 646 3098 759 3159; x_wconf 90' lang='lat' dir='ltr'>ipse</span> <span class='ocrx_word' id='word_1_241' title='bbox 798 3103 989 3159; x_wconf 86' lang='lat' dir='ltr'>potest.</span> <span class='ocrx_word' id='word_1_242' title='bbox 1032 3095 1156 3155; x_wconf 85' lang='lat' dir='ltr'>Sed,</span> <span class='ocrx_word' id='word_1_243' title='bbox 1201 3096 1439 3153; x_wconf 89' lang='lat' dir='ltr'>obsecr0‚</span> <span class='ocrx_word' id='word_1_244' title='bbox 1481 3111 1549 3143; x_wconf 95' lang='lat' dir='ltr'>ne</span> <span class='ocrx_word' id='word_1_245' title='bbox 1590 3096 1714 3144; x_wconf 88' lang='lat' dir='ltr'>saevi</span> <span class='ocrx_word' id='word_1_246' title='bbox 1746 3101 2038 3156; x_wconf 91' lang='lat' dir='ltr'>tantopere,</span> 
     </span>
    </p>

    <p class='ocr_par' dir='ltr' id='par_1_12' title="bbox 240 3170 2044 3313">
     <span class='ocr_line' id='line_1_34' title="bbox 240 3170 2044 3232; baseline -0.002 -10"><span class='ocrx_word' id='word_1_247' title='bbox 240 3173 363 3222; x_wconf 86' lang='lat'>2030</span> <span class='ocrx_word' id='word_1_248' title='bbox 407 3172 623 3222; x_wconf 89' lang='lat' dir='ltr'>Caduca</span> <span class='ocrx_word' id='word_1_249' title='bbox 644 3173 859 3223; x_wconf 88' lang='lat' dir='ltr'>fuerunt</span> <span class='ocrx_word' id='word_1_250' title='bbox 881 3173 973 3226; x_wconf 91' lang='lat' dir='ltr'>illa</span> <span class='ocrx_word' id='word_1_251' title='bbox 997 3171 1040 3218; x_wconf 87' lang='lat'>&amp;</span> <span class='ocrx_word' id='word_1_252' title='bbox 1062 3171 1206 3221; x_wconf 86' lang='lat' dir='ltr'>fluxa</span> <span class='ocrx_word' id='word_1_253' title='bbox 1230 3171 1388 3229; x_wconf 91' lang='lat' dir='ltr'>bona,</span> <span class='ocrx_word' id='word_1_254' title='bbox 1416 3170 1459 3217; x_wconf 85' lang='lat'>&amp;</span> <span class='ocrx_word' id='word_1_255' title='bbox 1483 3171 1561 3231; x_wconf 88' lang='lat' dir='ltr'>(ut</span> <span class='ocrx_word' id='word_1_256' title='bbox 1595 3171 1707 3232; x_wconf 89' lang='lat' dir='ltr'>ipse</span> <span class='ocrx_word' id='word_1_257' title='bbox 1731 3170 1880 3230; x_wconf 90' lang='lat' dir='ltr'>loqui</span> <span class='ocrx_word' id='word_1_258' title='bbox 1904 3170 2044 3220; x_wconf 84' lang='lat' dir='ltr'>soles</span> 
     </span>
     <span class='ocr_line' id='line_1_35' title="bbox 405 3246 1164 3313; baseline -0.003 -16"><span class='ocrx_word' id='word_1_259' title='bbox 405 3248 730 3313; x_wconf 86' lang='lat' dir='ltr'>Praeceptor)</span> <span class='ocrx_word' id='word_1_260' title='bbox 754 3246 1164 3298; x_wconf 88' lang='lat' dir='ltr'>contemnenda.</span> 
     </span>
    </p>
   </div>
  </div>
 </body>
</html>
