2444 4140
305 194 405 254 104

513 338 698 384 chartis
727 337 904 383 aliisve
933 335 1116 381 ludis...
1135 334 1399 391 prohibitis
1429 339 1596 380 utatur
1634 339 1969 393 praeterquam
2002 335 2113 382 solo
2134 336 2274 383 Nati-

513 403 681 454 'vitatis
721 406 906 454 Christi
945 411 1224 462 tempore...
1256 405 1634 460 Discipulorum
1671 419 1792 450 vero
1827 409 2078 452 neminem
2117 406 2278 453 dictos

482 488 487 491 '
514 478 660 523 ludos
683 489 916 522 exercere
937 474 1042 521 ullo
1068 489 1290 531 unquam
1309 480 1535 532 tempore
1556 478 1901 532 permittimus,
1931 481 2016 521 aut
2036 479 2164 521 intra
2185 477 2284 523 col-

517 548 703 604 legium
723 551 809 591 aut
830 550 968 590 extra
984 558 1027 587 ›>.

461 616 553 673 Cp.
573 615 635 662 G.
656 615 880 671 Harvey.
902 613 1033 660 Grai.
1058 614 1188 659 Vald.
1209 613 1297 657 IV:
1316 613 1446 658 Alea
1459 628 1578 658 num
1593 616 1789 659 nocuit?
1804 629 1923 659 num
1938 619 2149 661 tessera?
2164 631 2282 662 num

515 685 604 730 tibi
617 688 777 730 iactus
793 684 1005 729 Fortuiti
1021 682 1318 728 detrimento
1335 699 1346 739 3
1371 683 1657 740 chartaeque
1678 683 1818 729 fuere
1839 684 2066 740 Depictae
2086 690 2102 730 ?

322 761 432 798 184
462 758 514 803 τὸ
539 763 625 803 πᾶν
663 757 940 801 Vniversum.

462 823 687 870 Macrob.
724 825 873 870 Somu.
909 825 949 875 I,
985 841 1033 880 17
1058 840 1068 870 :
1099 828 1249 870 totius
1282 825 1507 870 mundi...
1540 824 1812 881 descriptio
1843 831 1953 872 est:
1977 827 2284 885 &integrum

513 893 769 950 quoddam
797 897 1136 940 universitatis
1182 909 1364 951 corpus
1406 894 1666 951 effingitur,
1699 895 1835 950 quod
1874 896 2078 952 quidam
2097 900 2148 945 τὸ
2174 906 2279 961 πᾶν,

513 965 564 1010 id
587 969 664 1009 est
684 978 848 1014 omne,
872 964 1117 1010 dixerunt.

461 1034 692 1089 Kaulich,
710 1035 856 1079 Eutw.
869 1034 946 1080 der
959 1035 1153 1080 scholast.
1172 1034 1294 1080 Phil.
1315 1035 1353 1083 Ι,
1377 1052 1453 1091 104
1471 1035 1771 1091 quotesJoh.
1785 1034 1984 1089 Scotus‚
2002 1037 2072 1081 De
2087 1036 2173 1082 div.
2190 1041 2281 1083 nat.

516 1121 553 1155 1,
576 1121 614 1159 1,
633 1120 685 1162 24
709 1120 719 1149 ε
742 1105 1179 1162 generalissimo...
1198 1119 1382 1161 genere
1399 1103 1534 1160 quod
1556 1119 1587 1149 a
1608 1103 1799 1150 Graecis
1819 1108 1871 1152 τὸ
1897 1113 1998 1165 πᾶν,
2032 1120 2062 1150 a
2099 1109 2282 1152 nostris

374 1215 377 1217 ,
512 1188 633 1220 vero
662 1177 979 1224 universitas,
1006 1175 1253 1232 appellari
1275 1178 1552 1219 consuevit.

458 1245 656 1299 Donne,
678 1246 826 1290 Leder
845 1247 885 1289 to
904 1245 989 1289 Mr
1007 1245 1069 1290 R.
1094 1245 1171 1288 W.
1198 1260 1207 1289 :
1226 1243 1267 1288 if
1277 1268 1332 1274 —
1348 1258 1404 1289 as
1427 1244 1494 1289 all
1513 1244 1581 1289 th‘
1601 1244 1687 1289 All
1702 1249 1836 1289 must
1849 1268 1905 1274 -—
1932 1244 2092 1301 hopes
2111 1245 2284 1291 smoke

510 1328 673 1371 away.

319 1388 424 1426 185
454 1385 623 1429 video...
660 1384 974 1430 intromittendo
1013 1387 1182 1440 species,
1221 1399 1305 1428 uon
1338 1384 1660 1429 extramitteudo
1699 1384 1862 1430 radios.
1905 1383 1997 1441 Cp.
2039 1391 2120 1441 439
2143 1400 2154 1430 ε
2177 1385 2286 1430 oculi

494 1453 711 1510 fascinati
730 1453 1042 1510 radijsformae
1060 1455 1351 1499 intromittunt
1367 1455 1542 1510 speciem
1556 1453 1897 1510 pulchritudinis
1916 1455 1965 1499 iu
1984 1455 2278 1511 phantasiam.

453 1523 545 1581 Cp.
568 1524 611 1577 J.
635 1523 690 1570 C.
714 1522 955 1580 Scaliger,
988 1523 1037 1568 de
1056 1523 1180 1568 Subt.
1204 1522 1524 1572 CCXCVIII,
1552 1531 1631 1568 16:
1658 1524 1845 1578 Magna
1878 1523 1970 1568 fuit
1996 1524 2131 1579 apud
2161 1528 2283 1569 anti-

511 1607 637 1649 quos
684 1594 747 1638 de
790 1593 994 1638 videndi
1024 1592 1175 1638 modo
1211 1596 1569 1638 controuersia.
1607 1593 1709 1637 Alii
1744 1593 1993 1638 docebant
2028 1608 2089 1638 ex
2122 1594 2283 1639 oculis

510 1667 644 1709 exire
676 1666 878 1720 spiritus
903 1676 912 1705 ε
938 1663 1024 1707 alii
1045 1667 1219 1708 contra
1247 1666 1299 1707 in
1329 1662 1531 1708 oculum
1562 1662 1729 1708 subire
1761 1666 1973 1719 species.
1995 1663 2072 1709 Ac
2102 1667 2281 1718 prioris

511 1733 714 1788 quidem
743 1736 1004 1777 sententiae
1033 1732 1231 1777 fuerunt
1261 1733 1520 1777 architecti
1550 1747 1723 1777 omnes
1749 1736 1902 1788 optici
1925 1738 1973 1777 et
1993 1733 2282 1788 philosophi

509 1807 706 1847 veteres
746 1816 907 1859 vsque
951 1801 1016 1846 ad
1059 1801 1397 1847 Aristotelem.
1444 1802 1492 1846 A
1536 1816 1637 1858 quo
1658 1820 1660 1822 ’
1686 1816 1799 1846 cum
1836 1806 1935 1846 sint
1970 1806 2250 1858 castigati...
2269 1820 2279 1858 ;

512 1872 796 1927 CCCXXV,
831 1877 852 1916 5
874 1871 997 1916 :Ille
1028 1872 1231 1925 (Plato).
1265 1874 1394 1916 sicut
1424 1877 1472 1916 et
1499 1886 1609 1922 nos,
1634 1886 1663 1916 a
1690 1871 1839 1918 rebus
1862 1871 2062 1916 effluere
2084 1877 2280 1928 species

510 1942 575 1987 ad
614 1942 789 1987 oculos
831 1941 1004 1987 scribit
1049 1945 1101 1986 in
1146 1941 1388 1990 Timaeo...
1432 1942 1502 1988 Ut
1543 1945 1695 1987 iam...
1736 1941 1916 1987 frustra
1959 1945 2057 1987 sint
2096 1946 2181 1998 qui
2221 1957 2282 1987 ex

510 2012 772 2058 oculorum
792 2012 943 2056 radiis
966 2011 1172 2056 eliciunt
1191 2014 1452 2056 visionem.
1729 2057 1731 2060 f

455 2082 515 2128 E.
552 2081 781 2135 Charles‚
810 2083 959 2137 Roger
991 2082 1158 2136 Bacon‚
1183 2096 1232 2138 p.
1265 2088 1346 2126 236
1383 2081 1646 2138 (speaking
1677 2080 1732 2125 of
1756 2080 2020 2126 mediaeval
2055 2080 2194 2126 ideas
2230 2082 2287 2126 of

508 2151 593 2196 the
629 2152 821 2203 senses)
854 2167 864 2196 :
902 2164 918 2190 «
945 2151 1025 2196 En
1055 2154 1270 2208 premier
1290 2151 1406 2200 lieu,
1443 2156 1492 2195 et
1522 2151 1643 2195 c’est
1672 2150 2010 2206 l'explication
2038 2151 2278 2207 vulgaire,

509 2221 694 2278 l'agent
715 2222 845 2265 emet
864 2221 1082 2277 l'espece
1107 2220 1168 2265 de
1190 2221 1456 2269 lui-meme,
1479 2223 1654 2277 speclem
1673 2236 1701 2265 a
1721 2235 1763 2265 se
1782 2221 1945 2274 emittit,
1979 2221 2280 2276 explication

509 2289 855 2335 inadmissible
871 2305 898 2329 >³
927 2290 1218 2346 (according
1239 2296 1289 2334 to
1313 2290 1373 2334 R.
1398 2290 1603 2342 Bacon).

452 2360 583 2407 And.
615 2359 948 2417 Caesalpinus,
980 2362 1372 2416 Peripateticarum
1404 2361 1698 2419 Quaestionum
1727 2360 1925 2413 (Venet.
1961 2364 2083 2415 1571)
2112 2364 2187 2406 125
2206 2359 2276 2405 C:

509 2430 607 2490 Qui
628 2435 806 2487 putant
820 2433 1068 2475 visionem
1084 2430 1191 2474 fieri
1208 2444 1297 2485 per
1314 2433 1635 2474 emissionem
1650 2429 1902 2475 radiorum
1919 2429 1983 2474 ad
1997 2444 2103 2474 rem
2119 2433 2279 2475 visam

507 2500 675 2545 nullas
697 2500 983 2545 huiusmodi
1005 2499 1320 2545 difficultates
1344 2503 1612 2555 patiuntur.

453 2569 606 2615 Izaak
625 2569 836 2614 Walton
857 2572 907 2614 in
927 2570 1005 2614 his
1026 2569 1129 2626 Life
1149 2569 1200 2626 of
1211 2570 1289 2614 Sir
1304 2570 1374 2614 H.
1401 2571 1462 2613 W
1463 2572 1574 2614 otton
1591 2572 1758 2613 writes
1774 2569 1882 2613 that
1896 2569 2108 2615 Wotton
2125 2568 2279 2614 about

510 2644 613 2684 1585
651 2639 877 2684 lectured
907 2645 958 2684 at
988 2638 1179 2684 Oxford
1208 2653 1275 2688 on
1304 2639 1388 2691 the
1420 2639 1528 2694 Eye
1564 2638 1664 2683 and
1698 2653 1724 2678 t<
1743 2637 1830 2683 fell
1864 2644 1915 2684 to
1950 2638 2148 2696 dispute
2178 2639 2276 2684 this

507 2708 657 2764 Optic
679 2713 927 2765 question,
951 2708 1199 2753 Whether
1226 2723 1305 2753 we
1335 2722 1420 2752 see
1455 2707 1521 2765 by
1552 2708 1636 2752 the
1668 2711 1907 2753 emission
1927 2707 1982 2753 of
1998 2708 2082 2753 the
2103 2707 2276 2754 beams

505 2778 634 2824 from
650 2779 843 2838 within,
868 2792 924 2823 or
944 2781 1206 2833 reception
1227 2778 1281 2822 of
1297 2778 1380 2822 the
1405 2781 1603 2834 species
1624 2776 1750 2822 from
1770 2778 1982 2822 without
1999 2782 2014 2822 ?
2029 2792 2055 2817 >³

451 2848 648 2898 Donne,
673 2850 752 2893 An
772 2851 987 2905 auatomy‚
1007 2847 1040 2891 1.
1060 2851 1138 2892 315
1164 2862 1174 2892 t
1194 2845 1381 2902 [Souls]
1402 2847 1487 2892 did
1507 2846 1634 2891 from
1654 2846 1744 2891 her
1765 2845 1864 2902 [i.e.
1887 2846 2151 2905 harmony]
2171 2851 2275 2893 into

506 2932 597 2963 our
616 2917 793 2963 bodies
815 2931 896 2974 go,
914 2918 987 2962 As
1009 2923 1060 2961 to
1077 2929 1167 2961 our
1190 2930 1309 2972 eyes
1332 2916 1416 2960 the
1438 2915 1591 2960 forms
1613 2915 1739 2960 from
1761 2915 1841 2972 obj
1850 2922 1953 2961 ects
1975 2917 2107 2961 flow.

306 2992 418 3028 188
450 2987 619 3044 Corpus
639 2988 832 3045 simplex,
855 2987 1125 3042 sphaericum,
1148 2988 1343 3042 perpetuo
1365 2985 1513 3030 mobile
1533 2985 1646 3041 quod
1663 3000 1860 3030 vocamus
1880 2986 2058 3031 Coelum.

452 3057 679 3102 Macrob.
702 3058 851 3102 Somn.
876 3056 915 3101 Ι.
943 3072 990 3110 17
1011 3071 1021 3100 :
1047 3055 1267 3100 coeleste
1290 3069 1508 3110 corpus..
1534 3069 1732 3111 semper
1753 3059 1804 3099 in
1824 3060 1960 3100 motu
1983 3062 2059 3100 est
2081 3055 2120 3100 &
2143 3061 2274 3100 stare

505 3129 666 3171 nescit
688 3143 698 3181 3
723 3126 763 3170 Ι.
790 3143 839 3182 14
863 3141 872 3170 ε
898 3125 1109 3182 sphaerae
1134 3128 1377 3174 maximae,
1402 3124 1452 3169 id
1474 3130 1565 3174 est,
1590 3127 1750 3181 ipsius
1774 3124 1903 3169 coeli.

452 3195 647 3245 Donne,
660 3197 738 3240 Au
750 3199 966 3252 anatomy‚
981 3199 1058 3240 251
1074 3194 1195 3240 :We
1209 3193 1349 3238 think
1365 3193 1448 3238 the
1462 3193 1685 3239 heavens
1700 3195 1777 3251 enj
1785 3209 1849 3251 oy
1865 3194 1991 3239 their
2006 3194 2270 3250 spherical‚

505 3263 656 3308 Their
677 3264 838 3309 round
858 3266 1166 3321 proportion,
1191 3262 1479 3320 embracing
1500 3263 1583 3309 all.

311 3337 421 3374 189
450 3334 553 3377 Hoc
572 3337 761 3378 centrum
781 3335 967 3379 mundi..
991 3333 1148 3378 dictum
1176 3333 1333 3378 Terra.

451 3400 543 3459 Cp.
556 3401 890 3458 Shakspeare‚
906 3403 1082 3448 Troilus
1096 3402 1134 3447 Ι.
1148 3409 1187 3447 3.
1201 3406 1251 3447 85
1266 3401 1388 3447 :The
1397 3402 1620 3448 heavens
1637 3402 1957 3456 themselves,
1975 3402 2058 3447 the
2074 3403 2271 3461 planets

507 3471 606 3516 and
628 3471 724 3517 this
747 3477 916 3517 centre
937 3472 1165 3517 Observe
1188 3471 1387 3529 degree.

450 3540 661 3594 Wasser,
688 3540 752 3585 To
771 3541 838 3587 tlte
866 3543 1010 3597 King‚
1036 3549 1142 3588 1626
1165 3556 1175 3586 ε
1195 3540 1382 3587 Shou’d
1405 3540 1638 3586 Nature's
1661 3540 1771 3588 Self
1786 3541 1967 3587 invade
1986 3541 2070 3586 the
2092 3541 2272 3587 World

375 3619 377 3622 ·
506 3612 656 3665 again
675 3609 791 3655 And
811 3610 912 3655 o’er
933 3610 1016 3656 the
1034 3609 1218 3657 Center
1240 3610 1422 3667 spread
1447 3610 1530 3655 the
1551 3610 1711 3666 liquid
1732 3613 1882 3656 main.

293 3684 411 3721 ‚1⁹1
442 3678 781 3724 Subterraueum
801 3680 1012 3735 quoddam
1031 3694 1259 3726 concavum
1278 3682 1324 3725 in
1344 3693 1459 3736 quo„
1481 3679 1678 3725 habitant
1694 3680 1767 3724 isti
1785 3680 2029 3724 Doemoues.

372 3788 377 3789 a
453 3748 698 3803 Aquinas,
719 3749 771 3794 S.
794 3748 879 3793 Th.
901 3749 940 3794 Ι.
958 3756 1027 3806 64.
1047 3769 1072 3806 4
1097 3765 1106 3795 :
1127 3748 1435 3796 daemonibus
1453 3748 1638 3805 duplex
1650 3749 1790 3795 locus
1812 3748 2025 3804 poenalis
2046 3747 2269 3798 debetur.
