2444 4140
738 396 1047 470 Pedantius
1071 398 1151 472 Α.
1183 427 1239 472 V.
1266 400 1356 474 Sc.
1384 418 1486 472 ῙΙΙ.
1947 395 2014 481 73

379 573 437 617 ut
459 567 527 616 ad
551 584 636 617 me
670 574 835 627 exeat,
863 569 1262 631 quamprimum
1280 571 1484 633 jubeto,
1512 569 1555 619 si
1581 585 1667 619 me
1692 568 1900 623 salvum
1925 571 2016 622 aut

377 643 562 692 vivum
587 643 764 692 videre
787 645 932 693 velit.

214 718 335 769 2565
439 720 561 768 Par.
611 719 846 769 Faciam.
897 720 1276 771 Valetudinem
1329 728 1479 772 tuam
1533 738 1661 771 cura
1716 718 2013 781 diligenter,

380 795 518 844 vale.
1874 794 2013 843 Exit.

445 871 546 919 Gil.
585 871 742 919 Nosti
776 887 996 921 manum
1029 871 1073 919 &
1106 873 1303 933 stylum
1336 872 1523 923 hunc?
1555 871 1720 922 Vides
1754 869 2016 931 subscrip-

379 945 620 995 tionem?
657 947 812 995 Hasce
856 963 1016 995 merces
1053 948 1229 997 nomini
1263 966 1354 998 meo
1392 948 1648 1011 suppositas
1692 963 1809 996 anno
1846 946 1904 994 (δ’
1945 945 2020 994 die

373 1022 657 1084 praescriptis
678 1039 865 1084 agnosco
889 1023 1166 1072 Pedantius.
1283 1074 1286 1078 ,

217 1097 339 1159 2570
443 1099 562 1146 Ped.
601 1098 667 1157 O,
710 1098 938 1156 attende,
980 1100 1159 1147 Merces
1194 1100 1448 1161 suppositas
1490 1116 1501 1148 ε
1543 1099 1646 1149 hoc
1684 1105 1779 1158 est,
1815 1113 2019 1147 merces

382 1173 487 1222 illae
519 1179 806 1225 tuaeerant
836 1174 1147 1236 supposititiae,
1174 1173 1381 1234 fucatae,
1417 1174 1651 1236 fragiles,
1687 1174 1882 1233 futiles,
1909 1189 2021 1222 non

381 1249 554 1307 utileS‚
582 1265 693 1297 non
716 1248 915 1306 solidae,
943 1266 1055 1299 non
1077 1251 1341 1311 genuinae.
1371 1251 1596 1299 Possem
1626 1249 1846 1311 quidem
1878 1255 1930 1298 te
1964 1249 2020 1297 in

377 1325 464 1386 jus
502 1341 692 1373 vocare
731 1327 784 1372 de
822 1326 923 1373 dolo
960 1326 1081 1373 malo
1107 1342 1118 1374 :
1146 1325 1273 1385 (Sed
1304 1342 1402 1387 ego
1437 1326 1776 1375 clementiam
1812 1340 2022 1386 semper

383 1400 543 1459 colui,
570 1406 628 1449 ut
658 1406 879 1449 matrem
905 1400 1100 1462 meam)
1128 1418 1139 1449 :
1168 1402 1480 1451 Officiorum
1505 1402 1676 1461 tertio,
1704 1401 1933 1462 Aquilius
1954 1399 2021 1449 de

219 1476 340 1539 2575
386 1476 511 1525 dolo
535 1475 793 1524 formulas
818 1475 981 1525 dedit.

450 1552 552 1600 Gil.
596 1553 713 1600 Imo
751 1568 873 1600 vere
913 1568 1012 1613 ego
1050 1553 1322 1601 neminem
1361 1559 1541 1602 metuo
1579 1554 1633 1600 de
1672 1552 1794 1600 dolo.
1831 1549 2022 1600 Vendo

385 1628 571 1688 quales
595 1627 681 1689 alij
710 1628 900 1676 solent.

373 1707 388 1717 “
448 1704 566 1751 Ped.
596 1702 898 1765 Subscripsi
924 1702 1055 1752 forte
1079 1702 1146 1752 de
1172 1703 1455 1762 mercibuS‚
1478 1702 1572 1752 sed
1596 1719 1705 1752 non
1728 1702 1795 1752 de
1818 1703 1986 1765 pretio
2009 1719 2021 1751 :

388 1796 486 1827 nec
528 1778 690 1827 debui
736 1795 881 1827 sane.
932 1779 1074 1827 Nam
1114 1779 1250 1827 inter
1291 1778 1444 1827 ferrei
1490 1779 1656 1828 seculi
1699 1779 2024 1840 corruptelas

222 1856 345 1907 2580
388 1861 691 1903 recensetur
713 1853 858 1916 apud
883 1855 1105 1903 Poetam
1130 1871 1141 1914 ;
1165 1856 1229 1903 Iu
1245 1855 1407 1916 pretio,
1429 1854 1627 1917 pretium
1650 1871 1767 1907 nuuc
1789 1859 1868 1903 est.

453 1930 553 1979 Gil.
573 1930 895 1979 Doctissime
911 1931 1144 1979 Domine
1165 1929 1410 1992 Pedantj,
1428 1929 1556 1993 [147]
1577 1929 1720 1992 apud
1739 1947 1824 1979 me
1845 1931 2026 1979 Poetae

389 2022 500 2055 non
539 2011 664 2055 sunt
698 2006 754 2054 in
787 2006 976 2068 pretio,
1003 2005 1097 2054 sed
1120 2007 1363 2068 pecuniae
1394 2022 1503 2067 prae
1536 2005 1785 2055 manibus
1819 2006 2024 2054 solutae.

390 2083 611 2131 Illarum
662 2087 841 2130 autem
887 2081 1145 2130 mercium
1192 2098 1290 2143 ego
1335 2081 1503 2143 pretia
1551 2082 1737 2143 scripsi
1790 2081 2027 2143 profecto

389 2174 551 2217 quam
594 2157 967 2206 minutissima.
1015 2157 1230 2217 Reliqui
1268 2157 1509 2219 pannarij
1551 2156 2028 2207 obmurmurabant

226 2233 345 2284 2585
390 2250 445 2282 se
468 2249 563 2295 per
587 2250 672 2282 me
695 2232 1156 2295 depauperandos.

453 2309 569 2356 Ped.
599 2308 683 2357 Tu
707 2307 866 2357 ditior
888 2308 1042 2358 fieres
1067 2325 1131 2357 ex
1164 2325 1350 2357 eorum
1383 2314 1710 2370 paupertate.
1738 2307 1866 2370 (Sed
1889 2313 2029 2357 vetat

395 2384 497 2432 hoc
522 2384 704 2444 regula
730 2383 986 2445 Catonis).

457 2459 558 2508 Gil.
587 2460 809 2509 Pannus
834 2460 922 2508 ille
945 2475 1042 2522 pro
1073 2459 1211 2521 togis
1241 2465 1454 2509 tuorum
1480 2459 1867 2521 discipulorum
1890 2464 2028 2508 certe
2114 2505 2118 2509 .

393 2534 631 2597 profecto
655 2541 765 2584 erat
788 2535 941 2595 quasi
965 2534 1212 2584 donatus.

232 2611 355 2673 2590
459 2612 577 2659 Ped.
602 2611 852 2659 Donatus?
871 2611 995 2659 Fuit
1018 2610 1106 2659 ille
1131 2609 1348 2670 quidem
1373 2609 1594 2659 celebris
1619 2610 2027 2667 Grammaticus,

394 2685 504 2744 sed,
543 2692 827 2747 postquam
863 2702 961 2747 ego
1001 2684 1174 2747 floruj,
1211 2684 1388 2734 sordet
1421 2686 1625 2734 attritus
1663 2684 1705 2731 ἃ
1742 2685 2027 2746 proiectus,

395 2763 547 2822 quasi
579 2779 792 2824 pannus
825 2768 977 2810 vetus
1011 2760 1053 2811 &
1087 2760 1333 2817 sordidus
1371 2761 1427 2809 in
1466 2760 1814 2820 sterquilinio.
1844 2761 2030 2820 Itaque

394 2839 500 2900 jam
525 2855 636 2887 non
660 2837 888 2887 laudasti
911 2837 1050 2886 hanc
1076 2853 1306 2886 mercem
1329 2842 1494 2885 tuam.

461 2914 561 2963 Gil.
592 2915 719 2963 Non
742 2912 959 2963 laudare
988 2913 1097 2974 jam
1132 2911 1379 2961 volebam
1404 2928 1651 2970 mercem,
1679 2909 1772 2959 sed
1801 2910 2030 2972 pretium

236 2990 358 3052 2595
404 2990 673 3051 exiguum,
701 2991 772 3038 ita
796 2995 854 3039 ut
876 2989 1147 3038 verissime
1178 2987 1283 3037 dici
1312 2988 1496 3050 possit,
1523 3003 1633 3036 non
1666 2986 1830 3048 digno
1862 2987 2031 3048 pretio

398 3064 662 3119 venditus.
691 3065 783 3114 sed
807 3065 959 3125 quasi
984 3063 1381 3113 semi-donatus.

459 3143 579 3191 Ped.
597 3142 847 3203 Oportuit
865 3140 1082 3201 quidem
1103 3139 1422 3201 semidonarj
1433 3177 1442 3185 .
1462 3139 1603 3187 Nam
1623 3144 1732 3187 erat
1747 3138 2034 3200 semipauuus

401 3216 524 3278 (vox
555 3216 670 3266 haec
703 3216 887 3266 nititur
920 3216 1164 3278 exemplo
1196 3215 1472 3263 semicirculi
1496 3231 1506 3262 z
1541 3213 1583 3260 &
1617 3212 1761 3276 apud
1795 3212 2034 3262 Ovidium

402 3293 766 3355 semibovemque
789 3292 956 3352 virum,
981 3291 1326 3356 semivirumque
1348 3289 1477 3353 [148]
1501 3290 1683 3350 bovem).
1722 3287 1852 3340 Ideo
1883 3304 2034 3354 puer-
