2444 4140
294 128 394 182 156

289 286 438 324 2900
468 287 563 328 etc.
589 282 686 329 See
709 282 895 328 Introd.
921 297 968 338 p.
992 282 1109 327 Xl1X.

287 356 432 394 2903
461 354 509 397 in
530 354 605 397 hoc
631 353 872 397 Tusculano
893 367 995 396 meo.

455 420 535 468 On
554 421 800 479 Harvey’s
820 421 1128 478 application
1145 426 1195 466 to
1212 422 1411 468 Saffron
1422 423 1645 468 Walden
1661 423 1715 468 of
1723 423 1808 468 the
1826 438 1972 468 name
1994 423 2050 469 of
2061 424 2280 471 Cicero's

508 492 643 546 villa,
669 505 754 536 see
777 490 964 535 Introd.
987 506 1071 548 pp.
1095 503 1264 545 XXXIV,
1287 492 1406 536 XhX.

287 565 432 602 2904
465 563 512 605 in
533 562 701 616 negocio
707 559 788 615 fui
807 562 898 604 sine
911 561 1101 616 periculo
1122 561 1175 604 cf>-
1194 562 1242 605 in
1262 563 1341 606 otio
1362 576 1456 607 cum
1477 563 1698 617 dignitate.

452 629 556 675 Cic.
575 631 645 674 De
666 630 749 675 Or.
776 630 814 673 I.
843 647 880 673 1.
908 647 924 674 1
953 645 963 674 :
987 636 1040 674 ut
1061 631 1143 674 vel
1164 634 1215 675 in
1237 635 1440 688 negotio
1463 635 1570 676 sine
1592 632 1819 689 periculo
1849 632 1931 676 vel
1951 636 2003 676 in
2033 636 2136 679 otio
2167 647 2281 679 cum

507 700 746 755 dignitate
769 714 882 744 esse
905 707 1130 755 possent.

284 773 428 810 2905
464 771 652 813 Artes...
676 769 893 814 uobiscum
915 769 968 813 cs»
984 771 1327 826 peregrinantur
1348 771 1400 814 (g.
1420 773 1705 817 rusticantur.

451 838 555 884 Cic.
587 843 669 895 pro
705 840 877 883 Archia
912 856 935 894 7
971 840 1031 883 ad
1048 840 1140 897 fin.
1181 855 1191 884 :
1231 840 1359 885 Haec
1400 841 1617 886 studia...
1659 846 1958 896 pernoctant
1997 841 2278 899 nobiscum,

505 912 901 965 peregrinantur,
924 913 1244 954 rusticantur.

284 983 432 1019 2908
471 980 653 1023 Vincere
673 980 757 1023 scis
775 979 1024 1034 Hannibal,
1048 980 1108 1024 vti
1126 980 1305 1025 victoria
1324 982 1475 1026 nescis.

452 1049 582 1105 Livy
602 1049 764 1093 XXII.
790 1053 856 1093 51.

282 1123 390 1159 291
405 1123 432 1159 1
466 1121 676 1163 mortem..
695 1120 839 1174 ejus...
861 1119 1020 1174 laetitz‘js
1039 1119 1236 1173 recolam,
1260 1121 1374 1176 quod
1397 1121 1588 1165 Thraces
1607 1121 1705 1166 olim
1726 1120 1924 1166 solebant.

450 1189 658 1243 Burton‚
682 1191 822 1234 Anat.
846 1205 887 1236 2.
913 1196 952 1234 3.
977 1197 1018 1234 6.
1043 1194 1221 1245 quotes
1244 1189 1434 1235 Sardus
1456 1191 1505 1235 de
1524 1190 1714 1235 moribus
1730 1192 1922 1246 gentium
1937 1190 2013 1234 for
2032 1190 2117 1235 the
2134 1195 2280 1236 state-

503 1264 640 1303 ment
660 1273 686 1297 (ε
702 1257 810 1303 The
833 1258 1110 1303 Thracians
1132 1264 1269 1316 wept
1291 1259 1391 1304 still
1411 1260 1563 1304 when
1580 1274 1609 1304 a
1626 1260 1761 1305 child
1782 1275 1888 1304 was
1919 1259 2063 1314 born,
2087 1259 2282 1306 feasted

506 1329 606 1373 and
641 1329 787 1373 made
826 1329 976 1374 mirth
1014 1329 1166 1374 when
1205 1343 1305 1386 any
1344 1344 1461 1374 man
1500 1344 1608 1375 was
1649 1328 1826 1374 buried
1840 1344 1881 1375 )).
1923 1328 2032 1375 The
2067 1330 2280 1387 original

505 1398 759 1456 authority
780 1402 822 1443 is
845 1399 1039 1444 Herod.
1062 1399 1124 1443 V.
1149 1407 1190 1443 6.

285 1473 357 1509 29
371 1474 438 1510 13
469 1472 631 1514 natura
651 1469 765 1513 nihil
768 1467 881 1525 fecit
883 1468 1084 1525 frustra.

448 1539 656 1583 Aristot.
679 1539 779 1583 Pol.
805 1539 843 1583 I.
871 1556 889 1583 1
917 1554 927 1583 ε
956 1539 1081 1586 οὐθὲν
1107 1542 1193 1605 γὰρ
1221 1542 1283 1594 ὡς
1309 1541 1451 1607 φαμὲν
1482 1541 1624 1602 μάτην
1650 1543 1676 1598 ἡ
1706 1541 1831 1606 φύσις
1857 1547 1990 1588 ποιεῖ.

450 1608 500 1654 S.
524 1608 701 1653 Thom.
725 1609 823 1663 Aq.
845 1609 970 1653 Sum.
1001 1609 1084 1653 Th.
1110 1609 1203 1653 III.
1228 1615 1296 1662 39.
1321 1625 1361 1664 7.
1386 1608 1467 1654 ob.
1491 1625 1515 1654 2
1540 1624 1549 1653 :
1575 1616 1754 1653 natura
1780 1609 1905 1653 nihil
1936 1608 2054 1653 facit
2080 1608 2276 1654 frustra.

450 1677 507 1723 T.
533 1679 719 1733 Bricot‚
749 1679 909 1723 Textus
922 1679 1031 1734 phil.
1056 1682 1147 1723 nat.
1173 1679 1239 1723 II.
1263 1678 1348 1723 kv1
1368 1694 1376 1723 :
1401 1684 1580 1723 natura
1601 1679 1754 1723 nichil
1775 1677 1895 1723 facit
1912 1677 2094 1723 frustra
2114 1693 2278 1734 neque

506 1748 674 1793 deficit
694 1752 745 1792 in
765 1752 1066 1794 necessariis
1087 1751 1183 1793 nisi
1205 1752 1257 1792 in
1278 1750 1467 1793 orbatis
1490 1754 1539 1794 et
1560 1748 1881 1805 imperfectis.

453 1818 646 1875 Lodge,
671 1817 856 1862 Defence
886 1818 1122 1874 ofPoetry‚
1147 1817 1397 1875 (Gregory
1427 1818 1605 1868 Smith,
1629 1819 1815 1864 Critical
1840 1820 2010 1876 Essays
2033 1819 2073 1862 Ι.
2106 1819 2199 1874 72.)
2221 1833 2231 1863 :
2256 1818 2278 1862 Ι

506 1888 641 1943 hope
663 1888 768 1932 that
790 1888 1029 1932 Aristotle
1051 1888 1174 1932 hath
1205 1888 1504 1945 sufficiently
1527 1887 1700 1945 taught
1719 1902 1821 1945 you
1843 1888 1949 1932 that
1968 1890 2152 1932 Natura
2171 1888 2285 1933 nihil

492 1957 603 2014 fecit
609 1957 807 2012 frustra.

456 2028 690 2082 Browne,
708 2028 880 2082 Religio
895 2029 1019 2072 Med.
1039 2027 1285 2083 «Temple
1302 2027 1525 2073 Classics
1536 2042 1562 2067 >›
1575 2042 1622 2083 p.
1643 2044 1696 2074 20
1712 2042 1722 2072 t
1739 2029 1923 2073 Natura
1939 2027 2052 2072 nihil
2063 2029 2157 2083 agit
2155 2027 2282 2084 frus-

508 2101 578 2142 tra
600 2102 642 2142 is
664 2097 748 2142 the
770 2097 890 2154 only
911 2097 1200 2154 indisputed
1221 2098 1432 2142 AXiome
1454 2101 1506 2141 in
1528 2097 1860 2154 Philosophy.

286 2172 436 2209 2915
468 2183 553 2212 non
574 2171 635 2212 est
653 2167 886 2212 deliberare
905 2168 954 2212 de
967 2170 1200 2223 prateritis
1215 2171 1264 2212 ut
1282 2171 1401 2212 notat
1418 2168 1708 2224 Philosophus
1726 2169 1774 2211 in
1794 2167 1981 2212 Ethicis.

451 2239 605 2282 Arist.
629 2237 758 2282 Rhet.
784 2237 823 2281 Ι.
847 2243 887 2281 3.
911 2257 936 2293 4
965 2236 1274 2289 (Casaubon)
1297 2252 1307 2282 :
1333 2236 1647 2282 Deliberanti
1676 2236 1893 2281 futurum
1923 2236 2283 2288 (accommoda-

506 2310 601 2358 tur)
627 2320 635 2349 :
660 2307 844 2351 iudicia
865 2321 985 2351 vero
1007 2312 1223 2351 tractant
1244 2311 1564 2363 praeteritum.

285 2382 439 2418 2917
474 2378 586 2433 quod
589 2376 763 2432 factum
784 2380 845 2421 est
871 2376 1073 2433 infectum
1104 2392 1190 2422 esse
1221 2379 1380 2433 nequit,
1411 2391 1544 2433 neque
1565 2381 1648 2433 per
1675 2378 1871 2422 Deorum
1894 2377 2139 2433 potentiam,
2172 2376 2285 2432 quod

508 2447 686 2503 Agatho
706 2447 996 2504 Philosophus
1013 2448 1368 2503 pronunciavit...
1390 2450 1539 2492 teste...
1562 2447 1806 2492 Aristotele.

453 2517 605 2561 Arist.
636 2517 745 2561 Eth.
767 2518 873 2561 Nic.
899 2517 987 2561 VI.
1013 2533 1052 2563 2.
1076 2524 1102 2561 6
1136 2532 1145 2562 ε
1178 2520 1229 2564 τὸ
1268 2516 1315 2564 δὲ
1351 2519 1534 2583 γεγονὸς
1572 2517 1657 2564 οὐκ
1693 2516 1915 2583 ἐνδέχεται
1960 2518 2020 2578 μὴ
2059 2515 2275 2580 γενέσθαι.

508 2586 798 2637 (Casaubon
820 2587 980 2643 :quod
991 2586 1179 2632 factum
1193 2591 1270 2632 est
1283 2592 1451 2632 autem
1462 2591 1516 2631 vt
1529 2589 1592 2631 sit
1604 2584 1842 2631 infectum
1853 2584 1960 2630 fieri
1977 2598 2080 2629 non
2096 2584 2280 2640 potest)

509 2656 575 2704 διὸ
602 2658 747 2724 ὀρθῶς
775 2656 980 2723 Ἀγάθων

772 2728 909 2790 μόνου
933 2731 1019 2794 γὰρ
1048 2728 1184 2775 αὐτοῦ
1211 2731 1286 2775 καὶ
1310 2729 1408 2781 θεὸς
1433 2727 1706 2793 στερίσκεται

769 2797 961 2863 ἀγένητα
986 2804 1125 2845 ποιεῖν
1154 2796 1251 2844 ἅσσ’
1281 2796 1330 2845 ἄν
1355 2798 1385 2861 ᾖ
1411 2797 1722 2863 πεπραγμένα.

449 2880 713 2936 Culmann‚
736 2881 855 2926 Sent.
878 2881 1078 2926 Pueriles
1102 2896 1112 2925 ε
1137 2881 1273 2937 quod
1291 2879 1479 2925 factum
1498 2884 1576 2924 est
1590 2879 1828 2924 infectum
1843 2878 1950 2923 fieri
1971 2891 2075 2922 non
2094 2881 2276 2934 potest.

506 2951 716 2996 Plautus
733 2950 977 2997 Aulularia
998 2949 1115 3007 [734]
1135 2948 1324 2995 factum
1345 2955 1421 2995 est
1440 2949 1581 3004 illud,
1599 2948 1706 2993 fieri
1723 2948 1960 2993 infectum
1976 2962 2079 2992 non
2094 2950 2276 3004 potest.

449 3020 542 3078 Cp.
576 3020 732 3076 Soph.
772 3021 983 3066 Trachin.
1017 3036 1097 3078 742
1123 3036 1132 3066 :
1165 3023 1217 3068 τὸ
1243 3024 1329 3087 γὰρ
1363 3020 1370 3087 Ι
1404 3021 1559 3087 φανθὲν
1596 3020 1661 3073 τίς
1700 3018 1748 3066 ἄν
1787 3018 1949 3066 δύναιτ’
1992 3016 2039 3065 ἄν
2068 3018 2277 3082 ἀγενητὸν

509 3100 646 3141 ποιεῖν
671 3115 682 3155 ;

285 3181 429 3218 2925
468 3177 694 3234 Vlysses...
718 3177 807 3233 Qui
821 3190 960 3222 mores
979 3176 1199 3221 hominum
1218 3175 1450 3221 multorum
1469 3173 1578 3219 vidit
1596 3173 1649 3217 <3-
1667 3172 1809 3218 urbes.

451 3246 576 3291 Hor.
599 3248 663 3292 A.
685 3247 747 3292 P.
773 3262 867 3302 142.

283 3320 389 3357 293
401 3321 428 3356 1
463 3316 637 3371 longum
644 3315 847 3372 formosa
866 3315 957 3360 vale
972 3316 1132 3373 Lydia.

448 3385 600 3440 Verg.
623 3386 721 3430 Ecl.
747 3386 840 3430 ΙΙΙ.
864 3402 917 3441 79
941 3400 950 3430 :
977 3386 1041 3429 Et
1061 3385 1267 3440 longum
1288 3383 1330 3428 F
1333 3395 1549 3438 ormose‚
1570 3382 1701 3437 vale,
1724 3382 1853 3436 vale,
1877 3384 2053 3436 inquit,
2076 3379 2219 3425 Iolla.

281 3458 425 3495 2937
456 3455 660 3508 Saturne,
671 3455 776 3510 fors
796 3455 1094 3501 melancholia.
1113 3453 1205 3510 Cp.
1228 3454 1261 3497 l.
1285 3459 1381 3498 318.

449 3524 516 3568 H.
554 3523 609 3568 C.
643 3525 885 3582 Agrippa,
919 3524 990 3580 Of
1009 3525 1142 3569 occult
1162 3523 1415 3580 philosophy
1447 3522 1485 3566 Ι.
1518 3535 1596 3567 LX.
1633 3527 1710 3566 133
1745 3534 1753 3563 :
1787 3521 1885 3564 We
1915 3517 2224 3564 understand
2246 3532 2275 3562 a

503 3593 823 3651 melancholy
843 3594 1022 3638 humor
1041 3594 1162 3638 here
1184 3598 1235 3638 to
1256 3591 1319 3636 be
1344 3607 1373 3637 a
1394 3591 1611 3636 naturall
1632 3590 1732 3635 and
1752 3590 1903 3634 white
1933 3587 2139 3634 choller.
2174 3587 2275 3632 For

501 3662 599 3707 this
622 3662 772 3707 when
794 3667 831 3707 it
851 3667 893 3708 is
916 3663 1095 3708 stirred
1115 3678 1200 3720 up,
1223 3662 1378 3707 burns
1401 3661 1500 3706 and
1522 3664 1635 3706 stirs
1657 3674 1724 3718 up
1747 3675 1776 3704 a
1796 3659 2032 3703 madness
2062 3656 2275 3702 conduc-

514 3735 600 3786 ing
620 3737 671 3778 to
708 3731 1009 3790 knowledge
1029 3732 1129 3779 and
1164 3732 1457 3787 divination,
1479 3729 1755 3787 especially
1775 3728 1810 3774 it
1835 3731 1872 3773 it
1900 3727 1963 3773 be
1992 3725 2179 3784 helped
2206 3725 2275 3785 by

2436 1968 2444 2057 ἓ
