2444 4140
1981 201 2074 255 151

274 353 439 409 Roger
481 353 654 398 Bacon
693 351 866 409 begins
910 352 988 397 his
1027 352 1254 410 Compotus
1295 352 1418 398 with
1457 352 1555 398 this
1588 356 1692 397 text
1723 352 1804 406 (E.
1845 351 2070 407 Charles‚

325 437 374 480 p.
399 423 511 474 336).

272 491 466 545 Milton,
489 492 548 535 Ρ.
570 492 631 536 R.
655 490 747 535 ΙΙΙ.
775 498 885 536 183:
908 491 1023 536 And
1042 494 1159 535 time
1180 462 1352 537 there
1339 506 1380 536 1s
1400 490 1476 537 for
1496 491 1564 536 all
1582 490 1764 547 things,
1781 489 1938 536 Truth
1953 490 2074 536 hath

326 559 449 605 said.

269 630 322 674 N
323 643 376 674 on
395 632 556 683 semper
560 628 708 684 fulget
719 627 921 673 Phaebus.

234 758 236 760 Υ
269 697 531 751 Culrnann,
553 698 670 742 Seni.
695 697 906 752 Pueriles,
929 697 1022 743 has
1044 697 1129 742 the
1150 697 1362 754 proverb
1386 714 1395 743 :
1421 698 1539 743 Non
1560 711 1756 753 semper
1777 696 1959 743 arridet
1977 697 2074 743 for-

322 771 458 821 tuna,
481 765 580 811 and
614 764 835 822 Seybold
872 767 1147 812 Viridarium
1178 766 1320 822 (1677)
1352 782 1400 822 p.
1425 774 1504 822 379
1528 783 1538 812 z
1562 767 1680 812 Non
1712 780 1907 823 semper
1927 767 2069 812 laetus

321 835 448 880 ridet
467 834 670 890 Apollo.

268 903 359 959 Cp.
381 905 440 948 M
441 903 677 958 aterialien,
701 902 794 948 III.
817 903 848 948 1.
873 911 996 960 6491.

104 978 248 1015 2668
279 974 447 1029 regina.
470 972 562 1027 Cp.
584 989 660 1026 991
670 973 926 1030 flexanima,
950 987 994 1018 n.

106 1047 252 1085 2670
266 1041 516 1098 scedisragi,
540 1041 741 1099 applied
760 1046 812 1086 to
832 1043 984 1096 Poeni,
1007 1041 1111 1087 Cic.
1133 1044 1204 1086 De
1225 1042 1313 1099 Off.
1338 1043 1377 1087 Ι.
1403 1059 1468 1088 12.
1492 1049 1559 1087 38.

104 1116 246 1154 2672
274 1112 390 1156 ultra
404 1115 527 1167 posse
546 1125 630 1154 non
649 1114 828 1156 estesse.

265 1180 478 1234 Trench‚
510 1181 698 1224 Lessons
726 1183 773 1224 in
802 1180 1018 1225 Proverbs
1036 1195 1085 1237 p.
1122 1196 1214 1236 147,
1238 1186 1415 1236 quotes
1437 1180 1521 1225 the
1550 1180 1812 1226 mediaeval
1840 1179 2070 1235 proverb,

322 1249 466 1293 Ultra
486 1262 637 1305 posse
659 1252 750 1292 viri
771 1262 872 1292 non
892 1250 998 1292 vult
1019 1249 1157 1294 Deus
1178 1249 1281 1293 ulla
1300 1252 1499 1305 requiri.

102 1322 244 1359 2677
275 1318 520 1363 Catonicam
541 1332 780 1363 censuram.
799 1318 868 1362 M.
890 1318 1096 1362 Porcius
1114 1318 1239 1364 Cato
1255 1333 1362 1363 was
1381 1319 1646 1364 surnamed
1662 1318 1931 1365 Censorius
1947 1317 2074 1363 from

319 1386 396 1432 his
420 1390 635 1443 severity
656 1386 710 1431 of
720 1386 994 1443 judgment.

267 1455 457 1510 Lodge,
479 1454 664 1512 Desertae
684 1455 735 1511 of
746 1456 897 1513 Plays,
920 1471 968 1512 p.
996 1472 1060 1510 12,
1083 1455 1319 1501 transfers
1341 1456 1425 1501 the
1448 1456 1706 1501 character
1725 1461 1776 1501 to
1798 1456 2071 1513 Dionysius

319 1524 444 1571 Cato
477 1537 487 1565 ε
522 1537 664 1569 5ον01
699 1523 823 1569 Cato
853 1524 1048 1581 putteth
1078 1528 1128 1568 in
1157 1526 1234 1569 his
1266 1538 1475 1571 censure
1509 1540 1518 1570 :
1551 1525 1858 1570 Admiranda
1889 1529 2072 1570 canunt

320 1593 409 1637 sed
429 1607 530 1638 non
553 1593 802 1638 credenda
821 1598 1000 1650 poetae.

101 1667 245 1705 2080
275 1663 472 1718 Optimus
490 1661 543 1707 ab
563 1665 714 1716 optimo
733 1665 821 1718 ipse
840 1663 1019 1718 optimus
1037 1664 1191 1719 accepi.

265 1731 426 1777 Plaut.
449 1731 646 1788 Amphit.
671 1731 805 1776 Prol.
830 1737 915 1788 34.
939 1735 1067 1775 iuste
1088 1730 1152 1776 ab
1172 1735 1314 1777 iustis
1335 1735 1494 1777 iustus
1517 1746 1626 1777 sum
1646 1707 1813 1777 orator
1840 1731 2000 1776 datus.

263 1799 354 1858 Cp
388 1799 607 1857 Harvey’
611 1814 634 1844 s
655 1799 938 1845 dedication
968 1805 1019 1845 to
1052 1801 1229 1845 Lewin
1258 1799 1313 1845 of
1336 1801 1415 1846 his
1445 1801 1754 1847 Ciceronianus
1786 1814 1800 1845 .·
1828 1803 2070 1844 «minime

317 1872 536 1914 omnium
549 1867 905 1914 Ciceronianus
918 1869 1106 1914 homini
1121 1883 1233 1914 cum
1245 1873 1416 1924 primis
1431 1873 1501 1913 et
1490 1884 1541 1913 1n
1553 1872 1723 1925 primis
1740 1868 2069 1915 Ciceroniano

316 1937 696 1984 Ciceronianum
733 1952 899 1982 meum
931 1938 1224 1983 commendo
1259 1938 1594 1994 dedicoque».
1627 1937 1707 1983 On
1737 1953 1786 1995 p.
1822 1944 1887 1982 13.
1919 1937 1975 1983 ib.
2006 1937 2071 1982 he

317 2012 493 2063 quotes
513 2007 598 2050 the
619 2021 832 2062 passage
855 2006 910 2052 of
934 2006 1110 2053 Cicero
1137 2007 1304 2053 which
1333 2007 1396 2051 he
1430 2007 1532 2052 had
1562 2006 1785 2052 imitated
1816 2021 1826 2051 z
1859 2021 1885 2046 ‹<
1902 2006 1991 2052 sed
2020 2011 2072 2051 vt

318 2081 422 2121 tum
442 2076 506 2120 ad
527 2090 699 2120 senem
720 2090 873 2121 senex
894 2076 956 2121 de
983 2075 1266 2129 Senectute,
1299 2080 1370 2121 510
1400 2080 1451 2121 111
1479 2075 1576 2121 hoc
1606 2075 1734 2121 libro
1763 2076 1828 2121 ad
1858 2079 2071 2121 amicum

317 2148 646 2190 amicissimus
668 2144 728 2189 de
750 2147 979 2189 Amicitia
1005 2149 1224 2200 scripsi»
1243 2146 1331 2197 (De
1351 2147 1456 2191 Am.
1481 2145 1520 2190 Ι.
1545 2149 1600 2198 5).

99 2217 250 2255 2686
280 2215 408 2272 Quod
424 2213 622 2271 differtur
642 2214 702 2259 <P
724 2218 840 2268 text,
864 2213 1069 2269 defertur)
1088 2229 1174 2259 non
1193 2214 1409 2270 aufertur.

260 2282 471 2336 Walter,
504 2283 782 2338 Gnomologia
812 2297 826 2326 .·
858 2282 1005 2341 Quod
1033 2282 1268 2337 differtur,
1300 2297 1402 2327 non
1432 2282 1664 2329 aufertur.
1695 2283 1947 2339 Anonymi
1976 2286 2067 2327 est.

316 2351 602 2397 Germanici
623 2355 695 2397 510
717 2351 926 2396 efferunt
946 2351 1061 2396 Alte
1082 2350 1292 2397 Schuldt
1310 2357 1553 2397 verrostet
1572 2351 1724 2396 nicht.

264 2419 427 2466 Given
446 2419 514 2477 by
535 2420 603 2464 M.
629 2420 882 2475 Neander,
903 2421 1070 2474 Effice,
1092 2421 1238 2473 (1590)
1255 2435 1305 2476 p.
1328 2437 1395 2473 91.

102 2493 243 2531 2694
271 2491 383 2535 Iuno
401 2491 588 2543 Lucina,
596 2489 677 2545 ser
695 2493 826 2546 opem.

262 2557 375 2603 Ter.
398 2558 520 2603 And.
546 2558 637 2604 III.
665 2575 700 2603 1.
728 2562 793 2612 15,
817 2558 908 2602 Ad.
933 2557 1026 2602 III.
1050 2576 1089 2614 4.
1113 2574 1182 2615 41.

103 2631 244 2667 2098
282 2627 423 2672 Verba
441 2642 526 2672 non
544 2627 667 2672 alunt
669 2627 908 2682 familiam.

266 2696 514 2752 Marginal
534 2701 650 2741 note
672 2695 726 2740 of
741 2694 802 2741 G.
828 2695 1034 2752 Harvey
1054 2699 1105 2740 in
1126 2710 1155 2740 a
1182 2694 1315 2740 book
1344 2709 1460 2740 now
1490 2698 1541 2740 in
1569 2695 1653 2739 the
1685 2695 1931 2748 Museum,
1963 2693 2069 2739 Saf-

318 2764 427 2809 fron
447 2765 666 2809 Walden
685 2777 694 2807 :
713 2768 1019 2822 pragmatica
1041 2770 1088 2809 et
1109 2764 1486 2821 cosmopolitica
1507 2763 1776 2809 curanda...
1802 2777 1912 2818 quae
1934 2762 2071 2808 alunt

317 2833 554 2879 familiam
574 2839 623 2878 et
642 2838 890 2891 parasitos
912 2848 1022 2890 quae
1044 2848 1239 2890 semper
1261 2833 1521 2878 aedificant.

104 2905 245 2942 2098
274 2903 339 2947 vel
353 2904 572 2948 Dromone
591 2906 737 2959 quovis
756 2903 936 2947 tardior.

265 2969 355 3028 Cp.
378 2969 490 3016 Ter.
522 2972 688 3016 Heaut.
714 2971 778 3015 II.
804 2978 842 3015 3.
867 2978 890 3015 8
915 2986 924 3016 :
949 2970 1031 3016 abi
1062 2970 1178 3016 dum
1206 2975 1275 3024 tu,
1309 2970 1513 3023 Dromo,
1545 2969 1644 3015 illis
1675 2968 1876 3014 obuiam
1908 2982 1918 3012 t
1952 2967 2070 3013 Pro-

320 3053 441 3093 pera
464 3055 474 3084 :
499 3039 617 3095 quid
639 3044 740 3085 stas
759 3044 774 3084 ?

266 3107 508 3153 Whether
531 3108 797 3164 suggested
817 3107 884 3165 by
904 3108 987 3166 the
1009 3108 1169 3153 above
1189 3122 1404 3165 passage
1426 3106 1480 3152 of
1489 3106 1711 3151 Terence
1732 3120 1788 3152 or
1807 3110 1908 3161 not,
1930 3105 2070 3150 there

321 3191 427 3221 was
450 3190 513 3221 an
535 3181 839 3222 association
858 3176 1089 3222 between
1109 3177 1192 3222 the
1214 3191 1358 3221 name
1381 3177 1568 3220 Dromo
1590 3175 1688 3219 and
1707 3174 1791 3219 the
1814 3176 2070 3219 character

321 3244 374 3289 os
404 3259 433 3289 a
465 3245 712 3302 sluggard.
745 3245 852 3290 The
882 3248 941 3290 M
942 3247 1176 3302 onopolium
1204 3246 1561 3301 Philosophorum
1590 3244 1711 3294 (first
1739 3244 1934 3300 printed
1966 3248 2069 3288 1505

323 3313 419 3357 and
440 3313 592 3370 lately
613 3318 662 3358 in
683 3314 926 3368 Zarncke,
945 3316 1031 3359 Die
1058 3314 1302 3359 Deuischen
1338 3315 1670 3367 Universitdten,
1692 3313 1730 3357 Ι.
1749 3328 1797 3369 p.
1821 3316 1906 3364 66.)
1928 3313 2019 3357 has
2042 3326 2071 3357 a

318 3382 465 3426 mock
486 3383 647 3439 Papal
669 3382 782 3427 Bull
802 3384 968 3428 which
989 3382 1164 3439 begins
1190 3384 1303 3428 thus
1336 3398 1345 3427 :
1380 3382 1438 3427 In
1464 3386 1664 3426 nomine
1694 3382 1878 3426 domini
1908 3395 2067 3426 amen.

322 3450 508 3495 Dromo
529 3451 796 3496 Dromonis
819 3452 879 3496 de
903 3452 1176 3497 Dromonia
1198 3451 1591 3508 suffraganeus...
1620 3454 1863 3495 universis
1894 3449 2069 3494 nobili-

320 3518 430 3573 bus,
451 3519 732 3574 lenonibus,
754 3520 1163 3566 ioculatoribus...
1190 3526 1237 3565 et
1258 3520 1485 3565 omnibus
1504 3524 1638 3565 cocis
1655 3534 1779 3575 quos
1798 3524 1846 3564 et
1865 3532 2071 3576 operum

321 3587 524 3632 tarditas
564 3594 765 3633 nostrae
800 3589 984 3634 dicioni
1016 3589 1266 3634 subiectos
1300 3603 1412 3634 esse
1444 3587 1750 3646 comprobat,
1784 3587 1992 3633 salutem
2022 3592 2071 3631 et

320 3654 469 3699 robur
488 3659 539 3700 in
561 3670 665 3711 esu,
687 3661 738 3702 in
758 3657 957 3714 potibus
980 3663 1028 3702 et
1048 3657 1423 3703 dormitionibus
1446 3663 1538 3702 etc.

108 3724 250 3763 2νο2
277 3722 428 3769 Habes
447 3725 700 3781 confitentem
718 3739 854 3772 reum.

269 3789 373 3837 Cic.
392 3796 472 3847 pro
490 3793 595 3847 Lig.
619 3808 660 3840 2.
