2444 4140
732 480 735 485 ·
766 466 1075 521 Pedantius
1101 468 1181 521 A.
1209 477 1237 519 Ι
1247 477 1305 522 V.
1330 467 1420 522 Sc,
1455 477 1513 519 V.
1928 469 1998 523 63

421 621 540 667 Ped.
570 620 744 681 Quem
770 636 869 680 ego
893 619 1268 669 adventantem
1286 621 1472 682 procul
1497 621 1807 682 conspicor?
1825 621 2000 683 Cogor

198 694 318 743 2215
361 694 449 743 hic
471 694 635 743 finem
670 696 944 756 imponere
979 713 1042 744 ex
1076 695 1319 757 abrupto.
1349 697 1644 745 Pecuniam
1679 697 1834 745 istam
1859 697 1999 756 (mea

363 771 578 831 conjux)
611 771 810 831 parabo
846 772 958 819 sine
994 787 1158 819 mora.
1197 771 1298 830 Tu,
1339 771 1534 830 Ludio,
1571 771 1834 833 responde
1873 772 2000 822 huic

364 862 448 893 me
473 861 583 893 non
607 862 721 894 esse
745 845 910 895 domi.

420 922 550 969 Lud.
595 920 739 983 Quid
778 928 886 970 tam
924 923 1313 983 praecipitanter
1355 939 1386 971 a
1430 923 1586 971 nobis
1629 924 1842 972 avolat?
1882 924 1998 986 Ego

364 997 617 1057 experiar,
645 996 776 1058 quid
801 998 915 1045 siet.
941 999 1051 1046 Vos
1076 998 1303 1056 introite,
1329 999 1517 1046 valete.

198 1150 320 1183 2220
758 1128 940 1181 Actus
967 1129 1236 1198 Quartus.
1266 1129 1442 1182 Scemz
1478 1137 1480 1139 ’

1000 1266 1200 1328 Quinta

824 1398 1152 1445 G1LBERTvs.
1183 1398 1378 1446 Lvmo.

427 1516 488 1563 G.
518 1515 762 1574 Nequeo,
790 1514 937 1574 quod
971 1530 1170 1574 quaero,
1198 1515 1435 1564 invenire
1469 1532 1701 1574 nomen3
1738 1517 1809 1565 ita
1842 1518 1996 1566 multi

361 1591 416 1638 in
439 1591 543 1638 hoc
577 1589 762 1639 codice
797 1606 917 1638 meo
952 1590 1262 1639 incarcerati
1296 1592 1653 1649 continentur,
1680 1598 1739 1640 ut
1771 1593 1997 1653 singulis

195 1666 315 1715 2225
360 1665 636 1714 distinctas
675 1664 828 1713 sedes
868 1666 1088 1714 seorsim
1122 1666 1351 1714 tribuere
1385 1682 1649 1726 nequeam
1688 1683 1698 1714 ε
1736 1667 1830 1716 sed
1863 1685 1996 1716 nun-

360 1758 522 1800 quam
558 1740 817 1789 desistam·
846 1740 1020 1789 donec
1053 1741 1324 1799 invenero,
1361 1758 1523 1801 quem
1557 1743 1699 1790 volo,
1728 1742 1855 1804 [127]
1889 1744 1997 1792 Hic

352 1818 462 1878 jam
501 1816 634 1866 forte
672 1816 888 1865 fortuito
928 1815 1091 1864 incidi
1132 1817 1188 1865 in
1227 1817 1580 1866 alium—Cro.
1619 1818 1777 1866 Crob.
1815 1821 1997 1879 (quem

358 1898 566 1954 oportet
603 1892 763 1941 etiam
809 1892 1115 1951 convenire)
1156 1898 1446 1941 amatorem
1492 1893 1694 1942 scilicet
1737 1893 1994 1955 lepidum,

360 1974 593 2017 astutum
618 1967 922 2016 carnificem
949 1968 1207 2025 Crobolum,
1236 1968 1329 2027 qui
1363 1985 1483 2016 mea
1516 1985 1580 2017 ex
1614 1969 1823 2018 officina
1857 1975 1998 2019 totus

195 2046 318 2094 2230
355 2045 465 2106 jam
491 2043 751 2105 splendet.
778 2044 1004 2105 Augebo
1028 2061 1281 2094 numeros
1303 2045 1475 2106 pretij,
1502 2045 1605 2093 nisi
1639 2045 1809 2094 solvat
1831 2045 1995 2108 brevj.

358 2121 427 2168 At
451 2120 547 2168 iste
571 2121 831 2180 garrulus,
854 2119 1071 2178 nitidus,
1093 2120 1321 2181 gracilis,
1344 2119 1623 2181 splendide
1646 2121 1866 2170 vestitus
1884 2120 1999 2180 (sed

354 2211 475 2244 meo
515 2201 754 2257 sumptu)
787 2195 876 2244 vbi
911 2194 1130 2244 demum
1171 2196 1376 2244 latitat?
1410 2197 1505 2245 Pe.
1544 2196 1639 2244 Pe.
1678 2196 1773 2244 Pe.
1800 2201 2000 2258 (pereat

359 2270 520 2330 male)
552 2271 827 2319 PedantiuS.
863 2270 1106 2320 Tandem
1141 2272 1329 2333 reperi.
1366 2272 1528 2320 Nunc
1562 2272 1605 2320 si
1638 2272 1841 2333 possim
1875 2288 1997 2321 con-

359 2346 538 2395 venire
561 2346 836 2395 hominem
861 2354 999 2407 apte,
1027 2345 1175 2395 dabit
1197 2346 1329 2395 mihi
1362 2363 1549 2408 poenas
1584 2347 1746 2406 illico,
1773 2348 1997 2396 efficiam

195 2422 316 2472 2235
361 2422 572 2482 utlegat
589 2421 735 2470 hunc
751 2422 1023 2482 paulisper
1040 2421 1237 2470 librum
1261 2421 1667 2471 Characteribus
1685 2423 1998 2483 insignitum

359 2496 749 2559 pulcherrimis.
793 2497 840 2545 O
887 2513 1048 2556 quam
1095 2503 1308 2558 turgent
1346 2497 1502 2546 lineae
1539 2497 1802 2559 gravidae!
1839 2499 1997 2546 Verte
2069 2489 2077 2494 “

358 2572 566 2622 folium.

420 2649 550 2696 Lud.
576 2649 647 2695 At
670 2663 768 2708 ego
792 2653 842 2695 te
867 2648 1170 2696 memoriter
1199 2646 1359 2696 hodie
1383 2647 1471 2708 (ne
1506 2648 1746 2709 inspecto
1780 2648 1998 2710 quidem

361 2739 602 2782 unquam
627 2722 783 2783 libro)
808 2722 1009 2781 ludam,
1037 2729 1095 2771 ut
1118 2722 1328 2771 libitum
1353 2723 1465 2771 erit.

198 2814 320 2860 2240
428 2799 528 2847 Gil.
575 2797 770 2846 Adhuc
813 2798 984 2859 plura.
1035 2799 1170 2846 Item
1218 2798 1393 2846 Panni
1448 2798 1584 2859 nigri
1630 2798 1817 2859 optimi
1860 2799 1999 2848 vlnae

361 2880 582 2935 septem,
610 2891 733 2923 cum
758 2873 812 2921 di
841 2890 851 2921 ε
878 2890 984 2933 qua
1012 2890 1022 2921 :
1053 2874 1204 2931 Item,
1235 2874 1539 2922 Holoserici
1573 2874 1731 2923 trium
1765 2874 1997 2935 pilorum

359 2950 498 2998 vlnae
536 2955 657 3007 tres,
695 2948 738 2996 &
777 2948 849 2997 di.
895 2950 1030 2997 Item
1071 2949 1237 2997 Setini
1288 2949 1430 2997 ulnae
1473 2955 1717 3008 quatuor.
1763 2951 1887 2998 Atat
1930 2949 1997 2999 de

359 3025 514 3074 Setino
537 3024 784 3073 addenda
808 3030 887 3072 est
909 3024 1093 3084 figurae
1112 3024 1330 3072 binariae
1350 3023 1536 3081 cauda,
1559 3030 1616 3072 ut
1634 3023 1726 3072 fiat
1743 3025 1994 3083 terna1·ia;

360 3100 559 3149 Textus
594 3117 745 3149 meus
781 3106 859 3148 est
892 3098 1238 3148 difficillimus
1270 3100 1447 3148 solutu
1476 3115 1486 3147 :
1513 3099 1599 3147 hic
1625 3099 1752 3160 [128]
1778 3099 1996 3149 demum

198 3175 317 3236 2245
360 3175 533 3237 griphi
568 3181 708 3233 sunt,
745 3175 788 3222 δε
823 3174 1186 3223 Crocodolites
1215 3191 1225 3222 ε
1267 3176 1421 3227 Meus
1454 3174 1587 3223 liber
1620 3174 1837 3223 devorat
1869 3175 1997 3224 istos

360 3249 712 3299 Academicos
731 3251 896 3299 libros
913 3250 1030 3298 &in
1054 3250 1283 3298 nihilum
1307 3249 1514 3310 redigit.
1540 3250 1680 3298 Nam
1705 3266 1804 3311 ego
1818 3267 1998 3312 ‘nuper

362 3326 417 3377 in
438 3324 729 3376 Academia
762 3342 886 3377 cum
919 3332 1085 3374 artem
1120 3341 1418 3377 exercerem
1454 3325 1625 3383 istam,
1652 3325 1802 3390 potui
1838 3325 1995 3385 vnico
