2444 4140
361 403 430 459 88

360 583 415 590 —
436 563 541 600 543
564 557 837 612 nonnullis]
859 557 1114 612 plerisque
1137 556 1178 602 C
1198 580 1253 588 -
1275 561 1382 599 546
1402 556 1529 612 sine]
1553 557 1666 602 deest
1686 557 1727 602 P
1747 581 1804 589 —
1822 558 1994 614 malui]
2015 560 2188 605 malim

363 628 404 673 C
429 652 484 659 —
506 633 610 669 547
632 626 768 681 vera]
790 641 963 670 verum
984 625 1024 671 C
1045 650 1100 657 -
1120 641 1249 682 opus
1271 626 1365 682 est]
1394 632 1471 671 est
1492 641 1621 682 opus
1645 626 1685 672 C
1705 651 1762 658 —-
1783 632 1888 669 555
1910 643 1990 673 me
2010 630 2186 685 voluit]

363 699 521 743 voluit
542 712 620 741 me
644 696 683 741 C
703 721 758 725 —
786 701 891 737 557
914 695 1046 751 post]
1068 696 1180 740 deest
1198 695 1239 741 C
1259 720 1314 726 —
1339 700 1448 737 559
1469 696 1741 752 fortunent]
1764 707 2063 743 conservent
2078 699 2119 744 C
2133 723 2190 730 —

365 772 476 808 566
498 766 652 821 tuum]
675 766 786 809 deest
806 765 846 810 C
867 788 920 795 —
942 770 1046 806 561
1068 765 1186 821 mei]
1207 766 1321 810 deest
1341 765 1382 811 C
1401 789 1457 796 --
1479 771 1724 808 561-562
1753 768 2023 812 miserandi
2046 772 2190 813 serni-

362 836 595 891 hominis]
618 837 769 879 desunt
789 835 828 880 C
850 856 904 864 ——
926 840 1032 877 564
1063 834 1295 890 coeteros]
1327 849 1502 880 omnes
1525 835 1565 880 C
1585 859 1642 866 —-
1677 840 1909 878 568569
1934 841 2185 893 perpetuo...

356 905 575 961 perennis]
607 911 655 949 et
686 905 799 949 coeli
831 911 1104 962 perpetuus
1126 910 1291 949 motus
1315 909 1391 949 est
1409 929 1465 935 —
1490 909 1600 946 572
1621 906 1922 962 nostrarum]
1944 907 2056 951 deest
2074 907 2115 953 C
2137 931 2189 939 -

364 980 562 1016 574-57
571 980 600 1016 7
624 975 757 1020 Oh...
787 974 1009 1030 extinxit]
1041 973 1137 1020 Oh.
1161 988 1421 1030 nunquam
1455 978 1656 1019 istarum
1678 975 1892 1031 aliquam
1913 976 2080 1027 didici,
2104 977 2188 1022 do·

360 1049 509 1097 mine,
533 1044 601 1088 fui
624 1045 878 1101 quondam
906 1045 1085 1089 doctus
1118 1049 1167 1088 et
1196 1059 1380 1090 novem
1409 1058 1582 1089 musas
1606 1044 1836 1090 colebam
1864 1069 1920 1076 —
1950 1050 2188 1088 578-579

362 1115 655 1161 Doctrina...
679 1114 922 1170 potentia]
946 1115 1187 1159 Doctrina
1208 1120 1295 1159 tua
1330 1119 1437 1159 erat
1470 1117 1523 1158 in
1546 1128 1689 1159 crure
1710 1114 1947 1160 videlicet
1978 1114 2018 1161 C
2051 1116 2189 1169 (This

360 1185 544 1240 reading
574 1184 777 1241 probably
811 1184 1040 1240 suggested
1070 1187 1287 1240 priuatio
1307 1187 1354 1229 in
1374 1184 1403 1228 l.
1427 1186 1528 1237 581)
1557 1207 1612 1214 —
1636 1189 1743 1226 586
1765 1184 1824 1240 si]
1857 1188 1899 1229 si
1934 1199 2047 1230 eam
2068 1185 2109 1231 C
2134 1209 2186 1219 —-

362 1259 467 1295 583
490 1254 644 1310 quod]
666 1260 720 1298 ut
740 1254 780 1300 C
802 1279 857 1284 -—
877 1259 982 1296 585
1007 1253 1246 1309 solemus]
1269 1254 1434 1298 solent
1454 1257 1540 1309 qui
1561 1268 1663 1299 non
1679 1260 1882 1310 gustant
1903 1255 1992 1300 sed
2013 1261 2190 1310 potant

361 1330 493 1369 artes
525 1324 565 1370 C
585 1348 639 1355 —
662 1330 768 1365 586
799 1324 1129 1369 doctissimi...
1163 1323 1472 1379 sacerdotes]
1505 1324 1661 1368 desunt
1694 1323 1735 1369 C
1769 1347 1824 1354 —
1854 1329 1960 1366 587
1996 1325 2184 1381 iuuate]

361 1394 594 1439 adiuvate
626 1394 665 1439 C
685 1418 741 1424 —-
765 1399 874 1435 588
905 1386 1111 1451 operam
1142 1393 1252 1449 arti]
1289 1396 1382 1438 arti
1411 1407 1619 1449 operam
1639 1392 1681 1438 C
1700 1417 1757 1423 —-
1777 1398 1885 1435 596
1916 1395 2187 1450 sequimur]

362 1463 697 1520 sequebamur
713 1464 753 1510 C
769 1488 824 1494 —-
842 1469 945 1505 591
965 1463 1099 1508 bona
1116 1462 1426 1518 sublunaria]
1443 1469 1642 1507 terrena
1657 1462 1794 1508 bona
1810 1462 1852 1509 C
1865 1487 1921 1494 —
1938 1468 2059 1514 593,
2082 1469 2188 1506 594

360 1534 482 1578 nil...
506 1533 594 1589 nil]
617 1534 741 1578 nihil
763 1537 888 1577 enim
911 1548 1015 1579 cum
1039 1536 1118 1586 sit,
1141 1533 1266 1577 nihil
1287 1532 1328 1578 C
1347 1556 1402 1563 --
1425 1537 1536 1574 594
1561 1532 1821 1590 pecunias]
1853 1536 2120 1589 pecuniam
2148 1534 2189 1580 C

358 1628 414 1633 —
436 1609 670 1645 597-598
692 1605 784 1648 &...
809 1603 980 1658 novit)]
1003 1603 1154 1647 desunt
1174 1602 1214 1648 C
1235 1626 1290 1632 —
1319 1607 1425 1644 599
1458 1602 1621 1659 qualis
1650 1602 1915 1659 hactenus]
1943 1603 2188 1648 hactenus

360 1680 412 1717 ut
434 1672 475 1719 C
494 1697 549 1704 —
569 1679 677 1714 666
699 1673 890 1730 aliquid
921 1672 1067 1728 detis]
1091 1672 1218 1717 detis
1251 1672 1442 1728 aliquid
1473 1672 1514 1717 C
1544 1695 1599 1702 —
1629 1677 1737 1714 661
1771 1673 1898 1729 esto]
1930 1688 2111 1730 nempe
2141 1678 2190 1717 vt

361 1747 428 1787 sis
451 1743 492 1788 C
512 1766 567 1773 —-
588 1748 710 1792 664,
735 1748 841 1784 665
866 1746 930 1787 sit
950 1742 1146 1797 acutus]
1179 1748 1356 1787 acutus
1389 1746 1453 1786 sit
1484 1741 1524 1787 C
1554 1765 1608 1772 —
1638 1747 1880 1784 665-666
1911 1746 2011 1787 iam
2040 1743 2189 1789 latro-

359 1812 492 1868 nem]
514 1812 674 1856 furem
691 1811 731 1857 C
752 1836 805 1842 —
822 1818 928 1854 667
947 1811 1170 1868 daturos]
1188 1811 1229 1857 C
1244 1812 1352 1855 adds
1371 1826 1514 1856 :esse
1531 1826 1622 1856 vos
1639 1835 1695 1842 —
1709 1817 1818 1853 669
1837 1812 2186 1857 hodiernam...

360 1882 573 1938 coenam]
594 1882 893 1927 hodiernum
926 1883 1191 1937 prandium
1215 1885 1382 1938 possis
1405 1881 1521 1927 C—
1543 1887 1648 1923 611
1670 1881 1778 1937 tibi]
1802 1885 1854 1926 in
1874 1887 1922 1926 te
1944 1882 1985 1928 C
2005 1906 2060 1913 —-
2080 1888 2188 1924 612

359 1952 509 2007 nunc]
540 1953 652 1996 deest
685 1951 725 1997 C
770 1976 814 1982 —
844 1956 1076 1993 614-615
1109 1951 1414 2010 Quicquid...
1448 1951 1537 2007 tui]
1570 1951 1810 2007 quicquid
1841 1959 1917 1996 est
1946 1952 2060 2005 (etsi
2090 1952 2188 1998 hoc

360 2021 551 2077 aliquid
590 2022 715 2065 nihil
751 2022 832 2074 sit)
879 2022 994 2066 laeta
1028 2020 1206 2071 fronte,
1243 2026 1297 2065 vt
1330 2024 1512 2077 pignus
1549 2024 1732 2065 amoris
1769 2035 1888 2076 erga
1923 2027 1972 2066 te
2010 2024 2110 2066 mei
2147 2022 2187 2067 P

361 2091 558 2146 (making
588 2092 654 2135 the
684 2092 823 2136 words
852 2107 878 2135 a
908 2094 1199 2135 continuation
1228 2092 1272 2147 ο]
1300 2090 1555 2135 Pedantius’
1586 2091 1734 2146 speech
1757 2091 2005 2146 preceding,
2028 2106 2074 2135 so
2100 2092 2193 2137 that

358 2161 633 2217 Pogglostus'
654 2162 799 2216 speech
830 2161 976 2216 begins
1006 2161 1214 2216 Aliquid
1241 2161 1319 2214 etc)
1338 2184 1394 2190 —
1415 2165 1523 2201 618
1546 2160 1922 2217 sempiternum]
1946 2166 2188 2206 aeternum

360 2230 402 2276 C
422 2254 477 2260 —
507 2236 741 2272 618-626
773 2235 823 2275 in
855 2234 1155 2276 ceviternum...
1187 2229 1302 2286 ante]
1339 2233 1391 2274 in
1426 2235 1674 2279 aeternum,
1709 2233 1760 2274 in
1791 2235 2105 2281 coaeternum,
2139 2234 2191 2275 in

361 2304 718 2356 sempiternum
750 2301 791 2346 C
811 2325 866 2331 —
887 2305 992 2342 621
1026 2300 1138 2344 deest
1167 2299 1207 2345 C
1227 2324 1283 2329 —
1304 2304 1412 2341 622
1444 2300 1783 2345 In-Interim...
1809 2300 1953 2356 cape]
1986 2300 2191 2345 Interim

359 2370 457 2414 hoc
480 2384 605 2427 cape
627 2371 865 2426 (appended
882 2373 920 2414 to
941 2371 1010 2414 the
1031 2370 1258 2424 preceding
1272 2370 1417 2425 speech
1433 2369 1486 2426 os
1495 2370 1805 2423 Dromodotus)
1827 2369 1868 2415 C
1883 2393 1938 2400 —-
1959 2374 2067 2411 625
2087 2373 2190 2425 pro-

357 2442 504 2495 prium
535 2439 613 2495 est]
645 2446 720 2484 est
751 2444 1010 2495 proprium
1042 2440 1082 2485 C
1102 2464 1158 2469 —
1178 2445 1289 2481 627
1320 2439 1417 2484 hac
1440 2439 1564 2495 arte]
1596 2438 1785 2484 artibus
1808 2438 1849 2484 C
1868 2463 1924 2469 -—
1944 2445 2051 2480 631
2079 2454 2190 2495 pro-

363 2509 494 2566 dige]
518 2511 656 2565 large
679 2509 718 2555 C
734 2535 789 2539 —
806 2515 917 2551 634
945 2510 1103 2554 stellis
1126 2510 1164 2551 ἅ
1185 2509 1334 2565 coelo]
1357 2512 1553 2564 superis
1576 2514 1625 2553 et
1647 2509 1788 2554 coelis
1809 2508 1850 2554 C
1871 2533 1926 2539 —
1952 2514 2191 2551 635-636

362 2584 575 2635 magis...
600 2579 804 2634 essentioe]
828 2579 923 2636 dijs
947 2580 1212 2624 similiores
1242 2578 1283 2624 C
1302 2603 1358 2608 —
1378 2584 1485 2620 637
1518 2578 1756 2624 exorandi
1777 2579 1916 2634 mihi]
1938 2579 2059 2623 mihi
2081 2594 2190 2623 exo-

364 2649 506 2693 randi
528 2649 567 2694 C
588 2673 643 2678 —
673 2654 914 2690 646-641
950 2649 994 2694 Ο
1026 2652 1271 2705 gurgitem
1297 2654 1361 2693 1...
1387 2648 1710 2705 Charybdim]
1732 2649 1886 2693 desunt
1913 2648 1954 2693 C
1982 2672 2038 2679 —
2061 2653 2191 2690 643-

364 2724 471 2760 644
492 2719 885 2764 valetudinem...
910 2718 1191 2775 diligenter]
1213 2719 1365 2763 desunt
1380 2717 1420 2763 C
1437 2742 1491 2747 —
1509 2723 1619 2760 646
1636 2717 1867 2774 habebis]
1885 2718 2002 2762 hab.
2021 2721 2190 2775 itaque

292 2779 298 2785 ⁴
364 2789 403 2834 C
424 2813 479 2818 —-
500 2794 611 2830 649
629 2789 796 2845 etiam]
816 2804 1017 2844 quoque
1035 2788 1075 2834 C
1098 2813 1146 2818 —
1162 2793 1272 2830 651
1292 2787 1674 2844 pertinentibus]
1697 2787 2130 2845 appertinentibus
2149 2787 2190 2833 C

362 2860 408 2910 (I
424 2859 556 2914 ought
574 2862 613 2902 to
635 2860 739 2903 have
759 2859 938 2915 adopted
954 2860 1038 2903 tln's
1060 2863 1103 2902 in
1128 2859 1194 2903 the
1215 2860 1316 2906 text)
1333 2880 1389 2889 —
1405 2862 1511 2899 655
1530 2856 1647 2912 iam]
1669 2857 1781 2902 deest
1799 2857 1839 2902 C
1856 2881 1910 2888 —
1926 2862 2038 2898 658
2055 2872 2192 2905 num-

362 2928 573 2983 morum]
596 2929 839 2973 nummuli
863 2930 902 2973 P
925 2953 978 2958 —
999 2933 1241 2970 659-666
1277 2926 1568 2972 Obtestor...
1601 2926 1717 2982 mei]
1748 2927 1901 2972 desunt
1929 2926 1969 2972 C
1998 2951 2053 2957 —
2083 2933 2188 2969 663

364 2998 580 3043 Etiam...
615 2998 902 3053 admodum]
941 2999 1122 3050 Etiam,
1158 3000 1308 3042 etiam
1338 2996 1379 3042 C
1407 3021 1463 3026 —
1493 3001 1727 3038 666-668
1758 2997 1910 3041 desunt
1929 2996 1968 3042 C
1988 3021 2044 3027 —-
2064 3002 2189 3038 669-

361 3073 469 3108 671
496 3067 647 3123 Abj...
672 3067 742 3123 tu]
774 3068 872 3113 Abi
904 3068 986 3111 vel
1019 3068 1082 3112 ad
1109 3081 1222 3112 aras
1253 3068 1351 3119 (sic)
1380 3081 1540 3123 vsque
1571 3067 1771 3112 vltimas
1794 3066 1834 3112 C
1854 3090 1909 3097 —-
1930 3072 2058 3120 673,
2083 3072 2189 3109 674

362 3137 476 3180 de...
502 3137 754 3193 deorsum]
778 3153 804 3181 e
825 3152 973 3182 cruce
994 3137 1205 3181 ferretur
1235 3135 1276 3182 C
1304 3161 1360 3166 —
1389 3141 1496 3178 674
1514 3140 1616 3180 in...
1641 3136 1854 3191 arescat]
1877 3142 2190 3182 exaresceret

362 3205 402 3250 C
422 3231 477 3235 —
498 3213 604 3247 676
625 3222 784 3252 meam
810 3208 838 3263 !]
861 3222 1024 3252 meam
1043 3210 1057 3250 ?
1080 3208 1119 3251 P
1140 3231 1196 3237 —
1216 3206 1403 3262 potius]
1426 3206 1537 3250 deest
1552 3206 1593 3252 C
1608 3230 1663 3237 -—
1679 3211 1785 3248 677
1805 3205 2064 3263 capitosis]
2081 3206 2192 3259 deest

362 3274 403 3319 C
423 3276 590 3332 (quem,
616 3278 895 3332 captiosis?)
914 3301 963 3307 -—
991 3281 1237 3318 681-682
1257 3277 1469 3328 (Sacra...
1495 3275 1721 3332 devotum)]
1751 3276 1904 3320 desunt
1932 3275 1972 3321 C
2002 3299 2056 3306 —
2079 3281 2187 3317 683

364 3348 529 3389 statim
545 3346 647 3401 fiat]
670 3346 756 3391 fiat
778 3350 944 3392 statim
966 3346 1006 3395 C
1022 3371 1077 3376 —-
1096 3351 1205 3392 684
1227 3345 1380 3403 quod]
1402 3351 1454 3390 vt
1470 3345 1511 3392 C
1526 3370 1581 3376 —
1597 3350 1707 3391 685
1725 3344 1958 3401 haberes]
1979 3343 2187 3390 haberet
