2444 4140
200 632 317 680 1635

202 1025 220 1056 1
228 1011 322 1070 646

201 1386 319 1447 1645

203 1764 322 1812 1650

204 2143 320 2191 1655

207 2523 325 2591 11660

208 2899 324 2946 1665

734 477 1044 533 Pedantius
1069 479 1119 532 Α
1138 521 1149 532 .
1179 488 1279 530 ΙΙΙ.
1308 478 1397 531 Sc.
1438 487 1524 531 VI.
1773 522 1776 524 ,
1800 475 1805 482 ’
1930 490 2000 547 47

360 632 667 680 naturaliter
699 631 742 679 81
779 633 1008 694 proprie,
1046 631 1287 692 adeoque
1322 631 1622 689 intrinsece,
1660 630 1703 678 &
1737 630 1835 693 [93]
1876 648 1999 680 cum

361 706 594 767 quadam
640 708 932 756 intentione
971 707 1163 757 devota
1201 714 1251 756 te
1291 702 1501 768 semper
1539 707 1816 768 respicere.
1858 707 1999 756 Nam

362 783 498 831 sicut
522 783 887 844 Philosophus
921 790 1062 832 amet
1097 783 1504 844 Philosophiam
1542 783 1731 831 Finem
1755 778 1932 841 suum,
1959 782 2002 830 &

367 858 568 906 Rhetor
591 859 952 918 eloquentiam
987 859 1151 907 finem
1187 876 1344 907 suum
1375 863 1495 916 (nec
1528 859 1578 906 in
1610 859 1778 906 coeteris
1809 862 1874 906 est
1903 875 2001 918 con-¹

363 933 559 981 trarium
582 934 794 995 reperire]
819 935 895 982 sic
929 935 1017 982 ille
1053 935 1373 995 ipsissimam
1407 935 1438 982 Ι
1435 934 1645 995 psitatem
1669 934 1815 982 illam
1839 933 1883 981 &
1905 951 2001 996 ego-

363 1010 518 1056 itatem
535 1015 700 1067 tuam,
723 1015 781 1058 ut
799 1010 1047 1058 ultimum
1066 1009 1413 1070 perfectivum
1438 1026 1613 1067 suum,
1640 1011 1919 1069 quatenus,
1948 1011 2004 1058 in

361 1090 641 1143 quantum,
667 1084 710 1131 &
735 1085 790 1132 in
814 1101 877 1133 eo
901 1084 1047 1144 quod
1071 1084 1193 1132 finis
1218 1101 1290 1142 es,
1312 1084 1355 1131 &
1378 1085 1432 1132 in
1458 1101 1668 1133 summa
1676 1085 1797 1147 finis
1805 1085 1998 1148 finium

422 1160 549 1221 Lyd.
600 1160 744 1208 Noui
791 1161 916 1208 satis
960 1177 1168 1208 amores
1211 1167 1430 1218 vestros,
1478 1177 1587 1209 uno
1642 1167 1915 1209 momento
1959 1161 2002 1210 &

364 1235 700 1293 incalescitis,
728 1235 771 1282 &
794 1235 995 1296 frigetis
1019 1235 1216 1284 denuo.

422 1312 541 1360 Dra.
570 1313 637 1359 At
659 1313 825 1359 Amor
848 1311 1008 1360 huius
1031 1328 1142 1359 non
1165 1312 1370 1372 capitur
1388 1311 1626 1370 confuse,
1653 1311 1746 1360 sed
1770 1328 2001 1374 suppon-

363 1386 466 1435 itur
499 1386 858 1444 immobiliter,
900 1386 943 1434 &
982 1386 1142 1435 habet
1173 1386 1658 1435 immutabilitatem
1691 1387 2000 1436 inhaesivam

363 1461 633 1510 fidelitatis
658 1462 714 1510 in
737 1479 810 1511 se.

422 1539 552 1585 Lud.
581 1537 665 1587 Tu
690 1539 823 1586 alios
848 1539 1210 1586 inconstantes
1234 1554 1438 1596 censes,
1465 1555 1588 1587 cum
1624 1539 1739 1599 ipsa
1772 1539 2002 1587 maxime

364 1614 435 1661 sis
457 1629 468 1671 ;
496 1630 620 1677 113111
646 1613 815 1662 levius
839 1613 969 1674 quid
993 1614 1182 1662 vento?
1200 1614 1406 1662 mulier.
1428 1613 1558 1673 quid
1578 1614 1831 1662 muliere?
1848 1613 1999 1663 nihil.

423 1690 543 1736 Ped.
574 1689 769 1737 Favete
804 1705 971 1737 musae
1003 1688 1272 1750 praesides,
1304 1682 1469 1748 tuque
1503 1690 1752 1750 princeps
1784 1690 2000 1751 Ap'ollo.

367 1763 672 1813 Dicendum
693 1770 771 1813 est
789 1765 932 1813 enim
952 1765 1057 1812 iam
1077 1764 1143 1813 de
1162 1781 1216 1813 re
1241 1766 1296 1812 in
1322 1765 1448 1813 orbe
1471 1771 1726 1814 terrarum
1752 1766 2000 1823 maxima,

365 1839 431 1888 de
466 1841 765 1888 constantia
798 1857 934 1889 mea.
977 1840 1283 1889 Mehercule
1319 1841 1371 1902 (o
1407 1840 1758 1902 Philosophia
1793 1842 1924 1902 ipsa,
1960 1840 2003 1888 81

363 1916 668 1975 eloquentia
693 1915 831 1976 mea)
856 1933 966 1964 non
993 1916 1089 1978 [94]
1116 1933 1234 1965 sum
1259 1915 1538 1974 rotundus,
1566 1915 1659 1964 sed
1693 1915 2000 1976 quadratus,

364 1990 407 2038 &
440 2008 590 2039 amor
623 2008 774 2040 meus
809 1998 887 2040 est
921 1992 1269 2040 immutabilis
1294 1992 1373 2053 (ut
1394 1991 1684 2053 prudenter
1706 1993 1811 2040 iam
1842 1991 2004 2040 modo

364 2073 606 2116 notatum
631 2074 740 2115 erat
762 2067 831 2115 ab
854 2067 957 2116 hoc
980 2068 1092 2115 viro
1123 2067 1459 2128 gravissimo)
1484 2068 1539 2115 in
1573 2067 1725 2128 cujus
1759 2068 1832 2116 rei
1865 2068 2005 2116 testi-

365 2143 626 2201 monium,
664 2144 707 2191 si
741 2144 851 2204 jam
886 2143 988 2192 hoc
1028 2160 1221 2205 corpus
1256 2160 1436 2192 meum
1471 2144 1527 2192 in
1559 2144 1842 2192 Phalaridis
1875 2147 2005 2191 tauro

366 2219 636 2267 succensis
667 2219 881 2279 ignibus
915 2225 1214 2277 torreretur,
1241 2226 1387 2268 tuam
1413 2219 1482 2267 ob
1506 2220 1746 2280 gratiam,
1772 2218 2004 2268 dicerem

367 2300 522 2351 certe,
552 2294 703 2356 Quam
734 2311 868 2342 suave
900 2299 965 2342 est
995 2296 1110 2342 hoc!
1144 2295 1465 2356 Quin-etiam
1499 2295 1647 2356 prius
1681 2295 1777 2343 erit
1808 2295 2006 2355 glacies

366 2369 664 2430 flammiger
708 2371 863 2431 ignis,
906 2369 948 2416 &
987 2370 1218 2419 tenebrae
1257 2369 1436 2418 densae
1474 2386 1608 2431 vaga
1647 2369 1835 2431 sydera
1873 2371 2002 2431 poli,

366 2445 513 2506 prius
546 2445 909 2506 ponderosum
943 2462 1102 2506 grave
1135 2446 1337 2494 volabit
1370 2446 1426 2494 in
1459 2446 1644 2503 altum,
1672 2452 1726 2493 vt
1756 2446 1936 2506 al-iger,
1962 2444 2005 2492 81

367 2521 640 2580 quassabit
662 2537 829 2569 vanos
852 2528 1039 2569 ventos
1062 2522 1193 2569 levis
1216 2522 1418 2582 pluma,
1440 2521 1587 2583 prius
1611 2520 1780 2569 oderit
1805 2521 2006 2582 Iupiter

366 2613 582 2644 vaccam
621 2597 691 2654 Io,
736 2613 835 2645 nec
874 2614 959 2645 me
999 2596 1199 2645 amabit
1235 2595 1533 2658 prudentiae
1570 2613 1763 2658 parens
1804 2596 2002 2654 Pallas,

367 2671 1139 2732 quaniegoteckffehnquanr

427 2749 554 2809 Lyd.
578 2749 709 2796 Esto
732 2765 742 2795 ε
763 2765 833 2796 311
857 2749 1034 2808 itaque
1059 2748 1227 2796 cuivis
1246 2764 1330 2795 me
1355 2754 1413 2796 ut
1435 2747 1575 2805 dem,
1603 2747 1695 2807 qui
1719 2754 1861 2795 amat
1884 2764 1969 2796 me
1989 2748 2007 2795 Ξ

428 2824 550 2871 Dm.
579 2824 695 2872 Nec
719 2823 821 2872 hoc
846 2824 1096 2872 volumus
1118 2840 1128 2871 :
1151 2823 1204 2872 id
1223 2824 1365 2872 enim
1385 2829 1522 2871 esset
1545 2823 1748 2871 efficere
1766 2823 2001 2883 quidlibet,

368 2915 421 2946 ex
454 2899 664 2959 quolibet,
702 2899 990 2948 secundum
1027 2901 1322 2961 Anaxagorae
1354 2899 1662 2947 sententiam
1698 2897 2003 2956 absurdam,

369 2974 516 3034 quod
555 2974 773 3035 quidem
813 2975 1130 3036 produceret
1169 2974 1494 3023 monstrifica
1535 2974 1736 3023 effecta.
1774 2973 1881 3022 Sed
1919 2973 2006 3023 hic

369 3050 535 3111 (salva
554 3051 763 3099 interim
782 3052 1074 3100 reverentia
1091 3051 1202 3111 tua)
1218 3052 1273 3099 in
1292 3050 1542 3099 omnibus
1561 3056 1638 3098 est
1656 3050 2007 3111 aequipollens

367 3125 463 3173 tibi
486 3142 497 3184 ;
534 3126 694 3175 habet
726 3127 769 3174 81
793 3127 1046 3188 corporis,
1073 3126 1115 3174 &
1140 3127 1322 3184 animi,
1349 3125 1392 3173 &
1414 3125 1639 3174 fortunae
1656 3125 1816 3174 bona.
1845 3125 2006 3187 Corp-

371 3201 509 3260 oris;
557 3208 635 3250 est
674 3203 816 3251 enirn
866 3204 944 3264 (ut
995 3202 1165 3263 vides)
1215 3201 1732 3263 pulcher-[95]rimus
1785 3199 2006 3261 quidam

213 3277 330 3337 1670
372 3276 524 3336 quasi
572 3280 891 3344 μικροκόσμος.
937 3279 1154 3337 Animi;
1202 3295 1326 3326 nam
1370 3277 1413 3324 81
1458 3277 1821 3339 speculatione
1867 3276 2008 3338 (quae

371 3352 574 3403 nullam
608 3353 804 3417 patitur
837 3354 1146 3419 ligationem
1182 3352 1458 3411 sensuum)
1481 3352 1524 3400 &
1546 3352 1695 3418 praxi
1719 3353 1860 3416 (quae
1892 3368 2004 3404 non
