2444 4140
415 684 507 733 530

415 1064 504 1112 535

417 1446 509 1508 540

421 1827 511 1890 545

422 2210 515 2260 550

425 2824 515 2873 555

427 3204 519 3253 560

559 379 624 432 16
967 372 1282 430 Pedantius
1306 374 1386 428 A.
1415 384 1461 428 Ι.
1481 375 1572 429 Sc.
1600 385 1697 430 IV.

550 530 725 593 proni.
770 530 906 578 Haec
946 543 1068 588 quae
1107 528 1410 590 praescripsi
1450 529 1494 577 si
1532 545 1601 578 ne
1640 529 1935 590 quicquam
1980 531 2204 592 prosint,

549 605 878 656 veniendum
903 611 982 653 est
1005 603 1073 653 ad
1098 603 1234 654 illud
1257 605 1507 654 vltimum
1526 621 1537 665 3
1558 606 1716 665 nosti,
1744 604 1877 666 quid
1901 605 2003 655 sibi
2026 605 2210 657 fecerit

548 684 827 733 Xenocrates
852 680 1186 731 Platonicus.

610 761 731 808 Ped.
761 757 931 806 Dabis
955 758 1062 806 iam
1082 756 1214 806 mihi
1237 756 1666 807 vicissitudinem
1689 757 1950 819 loquendi
1973 775 1983 806 :
2004 759 2212 808 Socrates

551 835 664 897 (qui
695 834 799 883 hoc
824 834 1001 883 solum
1024 835 1085 883 Se
1106 834 1219 882 scire
1241 833 1369 882 dixit
1399 836 1519 894 quod
1552 834 1676 882 nihil
1703 834 1839 882 sciret
1866 833 2096 895 ideoque
2133 841 2212 885 est

549 910 821 973 Apollinis
852 911 1071 959 oraculo
1107 910 1536 972 sapientissimus
1570 909 1858 972 iudicatus)
1883 911 1939 960 in
1973 910 2212 972 quodam

550 986 766 1049 dialogo
779 987 999 1036 Platonis
1017 987 1131 1049 (qui
1150 993 1231 1036 est
1252 987 1528 1036 Homerus
1549 986 2030 1049 Philosophorum)
2048 988 2211 1036 Amo-

549 1080 662 1112 rem
698 1080 917 1112 omnem
952 1063 1234 1125 distinguit
1263 1063 1377 1125 (qui
1411 1069 1591 1112 autem
1626 1079 1739 1112 non
1772 1062 2068 1125 distinguit,
2097 1062 2212 1113 des·

549 1140 677 1190 truit
700 1139 888 1201 artem)
912 1157 922 1188 ε
944 1157 1112 1190 vnum
1137 1139 1268 1189 dicit
1291 1156 1407 1189 esse
1431 1138 1728 1199 sordidum,
1756 1140 1850 1200 qui
1874 1139 2212 1190 nebulonum

551 1222 646 1275 est,
674 1217 902 1266 alterum
926 1216 1205 1266 honestum
1224 1217 1302 1278 (in
1320 1232 1429 1277 quo
1447 1215 1616 1265 fateor
1633 1233 1720 1265 me
1739 1233 1852 1265 non
1875 1215 2215 1265 mediocriter

552 1310 667 1342 esse
691 1292 1002 1355 versatum).
1030 1292 1138 1342 Sed
1162 1292 1205 1340 ἃ
1228 1293 1449 1355 plurimi
1473 1291 1773 1341 doctissimi
1796 1292 2046 1342 homines
2069 1309 2212 1342 ama-

550 1375 692 1418 tores
714 1369 932 1419 fuerunt
955 1370 1050 1418 illo
1073 1370 1249 1432 primo
1274 1368 1456 1418 modo.
1486 1369 1647 1427 Nam,
1675 1375 1735 1418 ut
1764 1368 1899 1418 nihil
1934 1368 2113 1418 dicam
2147 1368 2214 1418 de

555 1446 748 1505 Ouidio,
785 1452 842 1495 vt
882 1453 1091 1495 taceam
1126 1446 1405 1504 Salustium,
1443 1451 1500 1494 vt
1532 1451 1843 1507 praeteream
1877 1445 2214 1507 Aristippnm;

553 1522 686 1583 quid
710 1523 898 1572 attinet
921 1522 1097 1571 dicere
1122 1522 1188 1571 de
1212 1522 1547 1571 Demosthene?
1570 1521 1740 1570 silebo
1771 1522 1931 1570 etiam
1958 1522 2216 1571 Ciceronem

554 1599 750 1661 ipsum,
778 1616 874 1662 per
896 1599 1210 1661 Aposiopesin,
1241 1600 1335 1659 qui
1363 1598 1755 1647 Catachrestice
1780 1597 1823 1645 &
1845 1615 2037 1660 parum
2072 1604 2215 1647 caste

555 1676 788 1734 amabat,
810 1682 866 1724 vt
889 1677 1168 1725 nonnullis
1186 1676 1364 1737 placet
1387 1692 1397 1723 :
1417 1678 1495 1723 sed
1512 1675 1795 1723 mentiuntur
1819 1674 1916 1736 [31]
1942 1675 2213 1736 quicunque.

559 1751 705 1814 Quid
747 1769 1168 1801 commemorem
1208 1752 1500 1800 Aristotelem
1538 1757 1793 1810 vestrum,
1838 1752 1932 1811 qui
1976 1751 2218 1801 caballus

554 1827 727 1877 factus
751 1835 830 1877 est
853 1828 896 1876 &
920 1829 1250 1889 equitantem
1275 1829 1397 1877 tulit
1420 1828 1787 1877 meretricem?
1812 1828 1929 1888 Ego
1955 1844 2079 1877 cum
2105 1828 2218 1876 istis

557 1905 672 1953 sine
684 1906 832 1954 omni
847 1906 1162 1967 exceptione
1176 1904 1470 1954 maioribus
1483 1920 1654 1953 errare
1665 1904 1849 1963 malui,
1863 1920 2026 1965 quam
2037 1910 2217 1954 tecum

557 1999 681 2031 vera
700 1983 913 2031 sentire.
936 1981 1043 2031 Sed
1063 1998 1175 2031 non
1200 1998 1337 2043 opus
1362 1987 1441 2030 est
1465 1982 1594 2030 istos
1617 1981 1866 2042 allegare,
1889 1997 1989 2041 ego
2014 1981 2217 2043 quippe

557 2075 796 2118 uxorem,
825 2074 937 2107 non
973 2058 1219 2117 Thaidem,
1254 2057 1435 2106 ambio
1464 2074 1474 2105 :
1513 2058 1589 2106 sic
1623 2057 1768 2106 enim
1803 2055 1949 2118 apud
1983 2057 2217 2118 optimos

558 2135 810 2185 authores
842 2134 1025 2193 Thais,
1053 2134 1196 2196 (quae
1227 2133 1588 2183 famosissima
1622 2133 1870 2182 meretrix
1904 2131 2033 2194 erat)
2064 2133 2216 2182 abso-

559 2212 668 2261 lute
691 2211 911 2273 ponitur
933 2227 1030 2272 pro
1055 2211 1246 2271 quavis
1270 2210 1564 2259 meretrice.

984 2343 1168 2397 Actus
1186 2345 1365 2409 primi
1394 2358 1405 2396 :
1436 2342 1616 2396 Scena

1197 2469 1418 2531 Quarta.

900 2588 1280 2636 POGGLOSTVS.
1310 2587 1709 2635 DROMoDOTvs.

1142 2706 1477 2755 PEDANTIVS.

621 2825 687 2873 P.
727 2825 887 2874 Exire
927 2841 1013 2873 me
1047 2824 1219 2873 voluit
1260 2825 1442 2873 Herus
1482 2839 1635 2872 meus
1659 2821 1944 2883 (quantum
1977 2821 2221 2883 memini)

559 2899 694 2950 duas
719 2901 789 2950 ob
813 2917 1020 2959 causas,
1047 2907 1103 2948 vt
1133 2901 1262 2948 istos
1297 2900 1478 2960 aliqua
1511 2897 1757 2947 ludificer
1781 2903 1890 2946 arte
1917 2914 2053 2957 mea,
2082 2915 2144 2947 ac
2166 2904 2222 2947 vt

560 2977 832 3037 quendam
856 2983 979 3039 post
1002 2977 1346 3025 convenirem
1372 2976 1429 3023 in
1451 2974 1567 3023 foro
1596 2974 1946 3036 Tyrophagnm.

621 3055 744 3102 Dro.
774 3054 921 3103 Hem
946 3053 1068 3113 quis
1093 3053 1209 3100 est?
1234 3051 1331 3113 [32]

623 3131 746 3191 Pog.
777 3130 863 3192 Dij
890 3146 985 3178 vos
1008 3128 1297 3186 fortunent,
1327 3127 1606 3176 Generosi.

625 3207 744 3254 Ped.
773 3206 843 3255 Et
865 3205 962 3255 tibi
986 3221 1107 3255 crus
1131 3209 1322 3253 sanent
1344 3208 1516 3261 tuum,
1544 3201 1791 3252 mendice
1819 3201 2117 3266 claudipeS.
