<?xml version="1.0" encoding="UTF-8"?>
<!DOCTYPE html PUBLIC "-//W3C//DTD XHTML 1.0 Transitional//EN"
    "http://www.w3.org/TR/xhtml1/DTD/xhtml1-transitional.dtd">
<html xmlns="http://www.w3.org/1999/xhtml" xml:lang="en" lang="en">
 <head>
  <title>
</title>
<meta http-equiv="Content-Type" content="text/html;charset=utf-8" />
  <meta name='ocr-system' content='tesseract 3.04.00' />
  <meta name='ocr-capabilities' content='ocr_page ocr_carea ocr_par ocr_line ocrx_word'/>
</head>
<body>
  <div class='ocr_page' id='page_1' title='image "./pedantiuslatinco00forsuoft_0146.png"; bbox 0 0 2444 4140; ppageno 0'>
   <div class='ocr_carea' id='block_1_1' title="bbox 590 420 1789 479">
    <p class='ocr_par' dir='ltr' id='par_1_1' title="bbox 590 420 1789 479">
     <span class='ocr_line' id='line_1_1' title="bbox 590 420 1789 479; baseline -0.001 0"><span class='ocrx_word' id='word_1_1' title='bbox 590 424 660 479; x_wconf 88' lang='lat'>80</span> <span class='ocrx_word' id='word_1_2' title='bbox 1038 420 1352 477; x_wconf 82' lang='lat' dir='ltr'>Pedantius</span> <span class='ocrx_word' id='word_1_3' title='bbox 1375 422 1457 478; x_wconf 83' lang='lat' dir='ltr'>A.</span> <span class='ocrx_word' id='word_1_4' title='bbox 1494 431 1550 476; x_wconf 87' lang='lat' dir='ltr'>V.</span> <span class='ocrx_word' id='word_1_5' title='bbox 1576 423 1668 478; x_wconf 82' lang='lat' dir='ltr'>So.</span> <span class='ocrx_word' id='word_1_6' title='bbox 1701 433 1789 478; x_wconf 91' lang='lat' dir='ltr'>VI.</span> 
     </span>
    </p>
   </div>
   <div class='ocr_carea' id='block_1_2' title="bbox 1995 512 2245 521">
    <p class='ocr_par' dir='ltr' id='par_1_2' title="bbox 1995 512 2245 521">
     <span class='ocr_line' id='line_1_2' title="bbox 1995 512 2245 521; baseline 0 3619"><span class='ocrx_word' id='word_1_7' title='bbox 1995 512 2245 521; x_wconf 95' lang='lat' dir='ltr'> </span> 
     </span>
    </p>
   </div>
   <div class='ocr_carea' id='block_1_3' title="bbox 418 576 2251 3413">
    <p class='ocr_par' dir='ltr' id='par_1_3' title="bbox 582 576 2242 640">
     <span class='ocr_line' id='line_1_3' title="bbox 582 576 2242 640; baseline 0.002 -12"><span class='ocrx_word' id='word_1_8' title='bbox 582 578 734 636; x_wconf 81' lang='lat' dir='ltr'>vitaS,</span> <span class='ocrx_word' id='word_1_9' title='bbox 762 582 895 638; x_wconf 95' lang='lat' dir='ltr'>quot</span> <span class='ocrx_word' id='word_1_10' title='bbox 930 576 1120 627; x_wconf 91' lang='lat' dir='ltr'>habuit</span> <span class='ocrx_word' id='word_1_11' title='bbox 1154 577 1343 627; x_wconf 89' lang='lat' dir='ltr'>oculos</span> <span class='ocrx_word' id='word_1_12' title='bbox 1366 578 1544 640; x_wconf 84' lang='lat' dir='ltr'><strong>Argus</strong></span> <span class='ocrx_word' id='word_1_13' title='bbox 1568 577 1778 640; x_wconf 89' lang='lat' dir='ltr'>(habuit</span> <span class='ocrx_word' id='word_1_14' title='bbox 1810 584 1990 629; x_wconf 89' lang='lat' dir='ltr'>autem</span> <span class='ocrx_word' id='word_1_15' title='bbox 2025 585 2242 631; x_wconf 91' lang='lat' dir='ltr'>centum</span> 
     </span>
    </p>

    <p class='ocr_par' dir='ltr' id='par_1_4' title="bbox 418 652 2243 781">
     <span class='ocr_line' id='line_1_4' title="bbox 418 652 2243 717; baseline 0 -11"><span class='ocrx_word' id='word_1_16' title='bbox 418 658 542 707; x_wconf 86' lang='lat'>2810</span> <span class='ocrx_word' id='word_1_17' title='bbox 585 655 628 704; x_wconf 91' lang='lat' dir='ltr'>si</span> <span class='ocrx_word' id='word_1_18' title='bbox 663 652 995 703; x_wconf 89' lang='lat' dir='ltr'>credendum</span> <span class='ocrx_word' id='word_1_19' title='bbox 1031 654 1098 703; x_wconf 89' lang='lat' dir='ltr'>sit</span> <span class='ocrx_word' id='word_1_20' title='bbox 1133 652 1351 716; x_wconf 90' lang='lat' dir='ltr'>Ovidio)</span> <span class='ocrx_word' id='word_1_21' title='bbox 1377 671 1466 706; x_wconf 86' lang='lat' dir='ltr'>eas</span> <span class='ocrx_word' id='word_1_22' title='bbox 1502 671 1690 704; x_wconf 91' lang='lat' dir='ltr'>omnes</span> <span class='ocrx_word' id='word_1_23' title='bbox 1725 655 1971 717; x_wconf 88' lang='lat' dir='ltr'>protinus</span> <span class='ocrx_word' id='word_1_24' title='bbox 2010 656 2243 706; x_wconf 88' lang='lat' dir='ltr'>tenebris</span> 
     </span>
     <span class='ocr_line' id='line_1_5' title="bbox 585 729 1079 781; baseline -0.004 0"><span class='ocrx_word' id='word_1_25' title='bbox 585 730 768 781; x_wconf 90' lang='lat' dir='ltr'>darem</span> <span class='ocrx_word' id='word_1_26' title='bbox 794 729 1079 779; x_wconf 83' lang='lat' dir='ltr'><strong>Tartareis.</strong></span> 
     </span>
    </p>

    <p class='ocr_par' dir='ltr' id='par_1_5' title="bbox 585 807 2245 1024">
     <span class='ocr_line' id='line_1_6' title="bbox 646 807 2244 860; baseline 0.002 -3"><span class='ocrx_word' id='word_1_27' title='bbox 646 808 770 857; x_wconf 81' lang='lat' dir='ltr'>Dro.</span> <span class='ocrx_word' id='word_1_28' title='bbox 821 807 1015 856; x_wconf 80' lang='lat' dir='ltr'>Fateor</span> <span class='ocrx_word' id='word_1_29' title='bbox 1059 823 1265 857; x_wconf 91' lang='lat' dir='ltr'>annum</span> <span class='ocrx_word' id='word_1_30' title='bbox 1310 807 1458 857; x_wconf 91' lang='lat' dir='ltr'>hunc</span> <span class='ocrx_word' id='word_1_31' title='bbox 1502 807 1599 857; x_wconf 90' lang='lat' dir='ltr'>tibi</span> <span class='ocrx_word' id='word_1_32' title='bbox 1645 825 1767 857; x_wconf 90' lang='lat' dir='ltr'>vere</span> <span class='ocrx_word' id='word_1_33' title='bbox 1823 809 2244 860; x_wconf 88' lang='lat' dir='ltr'>climactericum</span> 
     </span>
     <span class='ocr_line' id='line_1_7' title="bbox 585 883 2245 945; baseline 0.002 -13"><span class='ocrx_word' id='word_1_34' title='bbox 585 883 768 943; x_wconf 84' lang='lat' dir='ltr'>fuisse,</span> <span class='ocrx_word' id='word_1_35' title='bbox 790 889 842 932; x_wconf 90' lang='lat' dir='ltr'>et</span> <span class='ocrx_word' id='word_1_36' title='bbox 860 883 1327 933; x_wconf 81' lang='lat' dir='ltr'>constellationem</span> <span class='ocrx_word' id='word_1_37' title='bbox 1347 885 1849 945; x_wconf 90' lang='lat' dir='ltr'>revolutionemque</span> <span class='ocrx_word' id='word_1_38' title='bbox 1874 884 1967 934; x_wconf 89' lang='lat' dir='ltr'>fati</span> <span class='ocrx_word' id='word_1_39' title='bbox 1993 886 2245 936; x_wconf 91' lang='lat' dir='ltr'>malevol-</span> 
     </span>
     <span class='ocr_line' id='line_1_8' title="bbox 585 959 2050 1024; baseline 0.001 -15"><span class='ocrx_word' id='word_1_40' title='bbox 585 977 673 1009; x_wconf 89' lang='lat' dir='ltr'>am</span> <span class='ocrx_word' id='word_1_41' title='bbox 702 977 712 1009; x_wconf 90' lang='lat'>:</span> <span class='ocrx_word' id='word_1_42' title='bbox 741 959 849 1009; x_wconf 86' lang='lat' dir='ltr'>Sed</span> <span class='ocrx_word' id='word_1_43' title='bbox 872 960 1023 1009; x_wconf 89' lang='lat' dir='ltr'>visne</span> <span class='ocrx_word' id='word_1_44' title='bbox 1048 961 1148 1010; x_wconf 89' lang='lat' dir='ltr'>ista</span> <span class='ocrx_word' id='word_1_45' title='bbox 1170 961 1347 1010; x_wconf 90' lang='lat' dir='ltr'>valere</span> <span class='ocrx_word' id='word_1_46' title='bbox 1371 963 1435 1010; x_wconf 82' lang='lat' dir='ltr'>ad</span> <span class='ocrx_word' id='word_1_47' title='bbox 1456 961 1800 1010; x_wconf 76' lang='lat' dir='ltr'>destructionem</span> <span class='ocrx_word' id='word_1_48' title='bbox 1820 962 2050 1024; x_wconf 77' lang='lat' dir='ltr'>subjecti?</span> 
     </span>
    </p>

    <p class='ocr_par' dir='ltr' id='par_1_6' title="bbox 420 1035 2248 1409">
     <span class='ocr_line' id='line_1_9' title="bbox 420 1035 2246 1102; baseline 0.001 -15"><span class='ocrx_word' id='word_1_49' title='bbox 420 1037 543 1088; x_wconf 87' lang='lat'>2815</span> <span class='ocrx_word' id='word_1_50' title='bbox 652 1037 764 1087; x_wconf 76' lang='lat' dir='ltr'>Cro,</span> <span class='ocrx_word' id='word_1_51' title='bbox 814 1035 1063 1096; x_wconf 89' lang='lat' dir='ltr'>Pedanti‚</span> <span class='ocrx_word' id='word_1_52' title='bbox 1111 1037 1347 1087; x_wconf 90' lang='lat' dir='ltr'>occurris</span> <span class='ocrx_word' id='word_1_53' title='bbox 1403 1043 1705 1100; x_wconf 90' lang='lat' dir='ltr'>opportune</span> <span class='ocrx_word' id='word_1_54' title='bbox 1756 1037 1931 1098; x_wconf 83' lang='lat' dir='ltr'>nobiS,</span> <span class='ocrx_word' id='word_1_55' title='bbox 1979 1038 2246 1102; x_wconf 86' lang='lat' dir='ltr'>particeps</span> 
     </span>
     <span class='ocr_line' id='line_1_10' title="bbox 587 1112 2245 1166; baseline 0.002 -4"><span class='ocrx_word' id='word_1_56' title='bbox 587 1112 838 1163; x_wconf 90' lang='lat' dir='ltr'>dolorum</span> <span class='ocrx_word' id='word_1_57' title='bbox 864 1114 1128 1163; x_wconf 91' lang='lat' dir='ltr'>omnium.</span> <span class='ocrx_word' id='word_1_58' title='bbox 1158 1114 1327 1164; x_wconf 93' lang='lat' dir='ltr'>Hunc</span> <span class='ocrx_word' id='word_1_59' title='bbox 1351 1113 1420 1163; x_wconf 92' lang='lat' dir='ltr'>ad</span> <span class='ocrx_word' id='word_1_60' title='bbox 1435 1120 1494 1164; x_wconf 55' lang='lat' dir='ltr'>‘te</span> <span class='ocrx_word' id='word_1_61' title='bbox 1530 1114 1675 1163; x_wconf 85' lang='lat' dir='ltr'>misit</span> <span class='ocrx_word' id='word_1_62' title='bbox 1697 1116 1979 1165; x_wconf 92' lang='lat' dir='ltr'>Annulum</span> <span class='ocrx_word' id='word_1_63' title='bbox 2004 1117 2245 1166; x_wconf 90' lang='lat' dir='ltr'>Aureum</span> 
     </span>
     <span class='ocr_line' id='line_1_11' title="bbox 593 1188 2243 1256; baseline 0.001 -17"><span class='ocrx_word' id='word_1_64' title='bbox 593 1188 770 1252; x_wconf 89' lang='lat' dir='ltr'>Lydia</span> <span class='ocrx_word' id='word_1_65' title='bbox 808 1190 1061 1250; x_wconf 88' lang='lat' dir='ltr'>moriens,</span> <span class='ocrx_word' id='word_1_66' title='bbox 1099 1191 1187 1240; x_wconf 92' lang='lat' dir='ltr'>cui</span> <span class='ocrx_word' id='word_1_67' title='bbox 1221 1191 1543 1254; x_wconf 87' lang='lat' dir='ltr'>insculpitur</span> <span class='ocrx_word' id='word_1_68' title='bbox 1578 1192 1673 1242; x_wconf 78' lang='lat' dir='ltr'>Cor</span> <span class='ocrx_word' id='word_1_69' title='bbox 1709 1191 1884 1253; x_wconf 76' lang='lat' dir='ltr'>sagitta</span> <span class='ocrx_word' id='word_1_70' title='bbox 1918 1191 2194 1256; x_wconf 76' lang='lat' dir='ltr'>transfixum</span> <span class='ocrx_word' id='word_1_71' title='bbox 2232 1208 2243 1241; x_wconf 70' lang='grc' dir='ltr'>ε</span> 
     </span>
     <span class='ocr_line' id='line_1_12' title="bbox 589 1267 2247 1331; baseline 0.002 -15"><span class='ocrx_word' id='word_1_72' title='bbox 589 1268 794 1317; x_wconf 90' lang='lat' dir='ltr'>scilicet</span> <span class='ocrx_word' id='word_1_73' title='bbox 816 1267 894 1317; x_wconf 93' lang='lat' dir='ltr'>tui</span> <span class='ocrx_word' id='word_1_74' title='bbox 926 1268 982 1317; x_wconf 94' lang='lat' dir='ltr'>in</span> <span class='ocrx_word' id='word_1_75' title='bbox 1016 1268 1265 1317; x_wconf 87' lang='lat' dir='ltr'>extremis</span> <span class='ocrx_word' id='word_1_76' title='bbox 1299 1285 1412 1317; x_wconf 94' lang='lat' dir='ltr'>non</span> <span class='ocrx_word' id='word_1_77' title='bbox 1446 1267 1630 1327; x_wconf 88' lang='lat' dir='ltr'>oblita,</span> <span class='ocrx_word' id='word_1_78' title='bbox 1671 1269 1887 1318; x_wconf 89' lang='lat' dir='ltr'>Amoris</span> <span class='ocrx_word' id='word_1_79' title='bbox 1921 1285 2045 1331; x_wconf 89' lang='lat' dir='ltr'>erga</span> <span class='ocrx_word' id='word_1_80' title='bbox 2078 1275 2129 1318; x_wconf 91' lang='lat' dir='ltr'>te</span> <span class='ocrx_word' id='word_1_81' title='bbox 2164 1269 2247 1319; x_wconf 88' lang='lat' dir='ltr'>sui</span> 
     </span>
     <span class='ocr_line' id='line_1_13' title="bbox 586 1343 2248 1409; baseline 0.001 -16"><span class='ocrx_word' id='word_1_82' title='bbox 586 1343 734 1394; x_wconf 93' lang='lat' dir='ltr'>hunc</span> <span class='ocrx_word' id='word_1_83' title='bbox 756 1343 975 1394; x_wconf 88' lang='lat' dir='ltr'>tradidit</span> <span class='ocrx_word' id='word_1_84' title='bbox 993 1344 1210 1394; x_wconf 91' lang='lat' dir='ltr'>Testem</span> <span class='ocrx_word' id='word_1_85' title='bbox 1234 1343 1450 1395; x_wconf 91' lang='lat' dir='ltr'>fidelem</span> <span class='ocrx_word' id='word_1_86' title='bbox 1474 1361 1486 1405; x_wconf 94' lang='lat'>;</span> <span class='ocrx_word' id='word_1_87' title='bbox 1515 1345 1651 1408; x_wconf 73' lang='lat' dir='ltr'>Quae</span> <span class='ocrx_word' id='word_1_88' title='bbox 1674 1345 1835 1394; x_wconf 89' lang='lat' dir='ltr'>etiam</span> <span class='ocrx_word' id='word_1_89' title='bbox 1860 1345 2108 1409; x_wconf 85' lang='lat' dir='ltr'>expirans</span> <span class='ocrx_word' id='word_1_90' title='bbox 2132 1346 2248 1409; x_wconf 90' lang='lat' dir='ltr'>ipsa</span> 
     </span>
    </p>

    <p class='ocr_par' dir='ltr' id='par_1_7' title="bbox 420 1421 1648 1484">
     <span class='ocr_line' id='line_1_14' title="bbox 420 1421 1648 1484; baseline -0.002 -11"><span class='ocrx_word' id='word_1_91' title='bbox 420 1424 548 1473; x_wconf 86' lang='lat'>2820</span> <span class='ocrx_word' id='word_1_92' title='bbox 589 1421 756 1471; x_wconf 88' lang='lat' dir='ltr'>vitam</span> <span class='ocrx_word' id='word_1_93' title='bbox 780 1421 878 1470; x_wconf 89' lang='lat' dir='ltr'>tibi</span> <span class='ocrx_word' id='word_1_94' title='bbox 901 1427 1117 1484; x_wconf 91' lang='lat' dir='ltr'>precata</span> <span class='ocrx_word' id='word_1_95' title='bbox 1141 1427 1220 1470; x_wconf 90' lang='lat' dir='ltr'>est</span> <span class='ocrx_word' id='word_1_96' title='bbox 1241 1421 1648 1471; x_wconf 85' lang='lat' dir='ltr'>foelicissimam.</span> 
     </span>
    </p>

    <p class='ocr_par' dir='ltr' id='par_1_8' title="bbox 579 1498 2250 1792">
     <span class='ocr_line' id='line_1_15' title="bbox 653 1498 2249 1562; baseline 0.002 -15"><span class='ocrx_word' id='word_1_97' title='bbox 653 1499 773 1547; x_wconf 81' lang='lat' dir='ltr'>Ped.</span> <span class='ocrx_word' id='word_1_98' title='bbox 802 1498 849 1547; x_wconf 89' lang='lat' dir='ltr'><strong>O</strong></span> <span class='ocrx_word' id='word_1_99' title='bbox 877 1498 1057 1557; x_wconf 80' lang='lat' dir='ltr'>Clotho,</span> <span class='ocrx_word' id='word_1_100' title='bbox 1085 1500 1300 1561; x_wconf 76' lang='lat' dir='ltr'>Atropos,</span> <span class='ocrx_word' id='word_1_101' title='bbox 1329 1498 1372 1546; x_wconf 87' lang='lat'>&amp;</span> <span class='ocrx_word' id='word_1_102' title='bbox 1395 1504 1454 1548; x_wconf 88' lang='lat' dir='ltr'>tu</span> <span class='ocrx_word' id='word_1_103' title='bbox 1471 1498 1637 1560; x_wconf 82' lang='lat' dir='ltr'>fatum</span> <span class='ocrx_word' id='word_1_104' title='bbox 1658 1501 1676 1547; x_wconf 76' lang='grc' dir='ltr'><em>Ι</em></span> <span class='ocrx_word' id='word_1_105' title='bbox 1698 1499 1931 1562; x_wconf 84' lang='lat' dir='ltr'>(dictum</span> <span class='ocrx_word' id='word_1_106' title='bbox 1960 1499 2181 1561; x_wconf 90' lang='lat' dir='ltr'>quidem</span> <span class='ocrx_word' id='word_1_107' title='bbox 2218 1517 2249 1549; x_wconf 89' lang='lat' dir='ltr'>a</span> 
     </span>
     <span class='ocr_line' id='line_1_16' title="bbox 579 1574 2248 1638; baseline 0.001 -14"><span class='ocrx_word' id='word_1_108' title='bbox 579 1575 752 1638; x_wconf 80' lang='lat' dir='ltr'>fando,</span> <span class='ocrx_word' id='word_1_109' title='bbox 783 1574 878 1624; x_wconf 90' lang='lat' dir='ltr'>sed</span> <span class='ocrx_word' id='word_1_110' title='bbox 903 1574 1198 1625; x_wconf 87' lang='lat' dir='ltr'>nefandum</span> <span class='ocrx_word' id='word_1_111' title='bbox 1222 1575 1410 1634; x_wconf 86' lang='lat' dir='ltr'>fatum,</span> <span class='ocrx_word' id='word_1_112' title='bbox 1434 1576 1521 1625; x_wconf 92' lang='lat' dir='ltr'>cui</span> <span class='ocrx_word' id='word_1_113' title='bbox 1540 1576 1739 1626; x_wconf 91' lang='lat' dir='ltr'>irascor</span> <span class='ocrx_word' id='word_1_114' title='bbox 1762 1592 1826 1625; x_wconf 83' lang='lat' dir='ltr'>ex</span> <span class='ocrx_word' id='word_1_115' title='bbox 1850 1576 2054 1637; x_wconf 92' lang='lat' dir='ltr'>animo)</span> <span class='ocrx_word' id='word_1_116' title='bbox 2079 1593 2111 1626; x_wconf 96' lang='lat' dir='ltr'>o</span> <span class='ocrx_word' id='word_1_117' title='bbox 2134 1576 2248 1627; x_wconf 85' lang='lat' dir='ltr'>fall-</span> 
     </span>
     <span class='ocr_line' id='line_1_17' title="bbox 589 1651 2250 1715; baseline 0.001 -14"><span class='ocrx_word' id='word_1_118' title='bbox 589 1670 741 1702; x_wconf 89' lang='lat' dir='ltr'>acem</span> <span class='ocrx_word' id='word_1_119' title='bbox 772 1652 1057 1701; x_wconf 91' lang='lat' dir='ltr'>hominum</span> <span class='ocrx_word' id='word_1_120' title='bbox 1095 1669 1266 1715; x_wconf 89' lang='lat' dir='ltr'>spem,</span> <span class='ocrx_word' id='word_1_121' title='bbox 1308 1651 1662 1715; x_wconf 86' lang='lat' dir='ltr'>fragilemque</span> <span class='ocrx_word' id='word_1_122' title='bbox 1697 1652 2002 1703; x_wconf 85' lang='lat' dir='ltr'>fortunam!</span> <span class='ocrx_word' id='word_1_123' title='bbox 2043 1653 2250 1704; x_wconf 91' lang='lat' dir='ltr'>Obruta</span> 
     </span>
     <span class='ocr_line' id='line_1_18' title="bbox 589 1729 2248 1792; baseline 0.001 -14"><span class='ocrx_word' id='word_1_124' title='bbox 589 1735 668 1779; x_wconf 93' lang='lat' dir='ltr'>est</span> <span class='ocrx_word' id='word_1_125' title='bbox 691 1729 734 1778; x_wconf 72' lang='grc' dir='ltr'>δι</span> <span class='ocrx_word' id='word_1_126' title='bbox 759 1746 933 1779; x_wconf 90' lang='lat' dir='ltr'>mersa</span> <span class='ocrx_word' id='word_1_127' title='bbox 957 1730 1013 1778; x_wconf 93' lang='lat' dir='ltr'>in</span> <span class='ocrx_word' id='word_1_128' title='bbox 1038 1730 1172 1778; x_wconf 88' lang='lat' dir='ltr'>mari</span> <span class='ocrx_word' id='word_1_129' title='bbox 1196 1730 1381 1778; x_wconf 88' lang='lat' dir='ltr'>mortis</span> <span class='ocrx_word' id='word_1_130' title='bbox 1406 1736 1697 1790; x_wconf 88' lang='lat' dir='ltr'>antequam</span> <span class='ocrx_word' id='word_1_131' title='bbox 1733 1747 1818 1779; x_wconf 91' lang='lat' dir='ltr'>me</span> <span class='ocrx_word' id='word_1_132' title='bbox 1848 1736 2065 1792; x_wconf 90' lang='lat' dir='ltr'>portum</span> <span class='ocrx_word' id='word_1_133' title='bbox 2089 1747 2248 1780; x_wconf 90' lang='lat' dir='ltr'>suum</span> 
     </span>
    </p>

    <p class='ocr_par' dir='ltr' id='par_1_9' title="bbox 420 1805 2251 2175">
     <span class='ocr_line' id='line_1_19' title="bbox 420 1805 2250 1874; baseline -0.001 -16"><span class='ocrx_word' id='word_1_134' title='bbox 420 1806 547 1858; x_wconf 86' lang='lat'><strong>2825</strong></span> <span class='ocrx_word' id='word_1_135' title='bbox 596 1807 839 1868; x_wconf 85' lang='lat' dir='ltr'>attigerat</span> <span class='ocrx_word' id='word_1_136' title='bbox 864 1805 993 1867; x_wconf 84' lang='lat'>[161]</span> <span class='ocrx_word' id='word_1_137' title='bbox 1022 1806 1199 1868; x_wconf 87' lang='lat' dir='ltr'>Lydia</span> <span class='ocrx_word' id='word_1_138' title='bbox 1223 1822 1360 1866; x_wconf 86' lang='lat' dir='ltr'>mea,</span> <span class='ocrx_word' id='word_1_139' title='bbox 1390 1823 1554 1867; x_wconf 92' lang='lat' dir='ltr'>quam</span> <span class='ocrx_word' id='word_1_140' title='bbox 1586 1805 1896 1855; x_wconf 85' lang='lat' dir='ltr'>defunctam</span> <span class='ocrx_word' id='word_1_141' title='bbox 1922 1807 2033 1869; x_wconf 87' lang='lat' dir='ltr'>jam</span> <span class='ocrx_word' id='word_1_142' title='bbox 2067 1808 2123 1856; x_wconf 95' lang='lat' dir='ltr'>in</span> <span class='ocrx_word' id='word_1_143' title='bbox 2147 1807 2250 1874; x_wconf 91' lang='lat' dir='ltr'>hoc</span> 
     </span>
     <span class='ocr_line' id='line_1_20' title="bbox 588 1883 2251 1945; baseline 0.001 -13"><span class='ocrx_word' id='word_1_144' title='bbox 588 1884 794 1932; x_wconf 90' lang='lat' dir='ltr'>annulo</span> <span class='ocrx_word' id='word_1_145' title='bbox 818 1889 1001 1944; x_wconf 83' lang='lat' dir='ltr'>tamen</span> <span class='ocrx_word' id='word_1_146' title='bbox 1025 1883 1383 1932; x_wconf 88' lang='lat' dir='ltr'>deosculabor</span> <span class='ocrx_word' id='word_1_147' title='bbox 1400 1889 1678 1945; x_wconf 90' lang='lat' dir='ltr'>perpetuo.</span> <span class='ocrx_word' id='word_1_148' title='bbox 1703 1884 1819 1932; x_wconf 94' lang='lat' dir='ltr'>Iam</span> <span class='ocrx_word' id='word_1_149' title='bbox 1841 1885 1947 1933; x_wconf 92' lang='lat' dir='ltr'>Cor</span> <span class='ocrx_word' id='word_1_150' title='bbox 1965 1883 2115 1943; x_wconf 92' lang='lat' dir='ltr'>mihi,</span> <span class='ocrx_word' id='word_1_151' title='bbox 2139 1901 2251 1934; x_wconf 92' lang='lat' dir='ltr'>non</span> 
     </span>
     <span class='ocr_line' id='line_1_21' title="bbox 586 1958 2249 2022; baseline 0.001 -14"><span class='ocrx_word' id='word_1_152' title='bbox 586 1960 819 2019; x_wconf 86' lang='lat' dir='ltr'>Amoris,</span> <span class='ocrx_word' id='word_1_153' title='bbox 858 1958 952 2009; x_wconf 87' lang='lat' dir='ltr'>sed</span> <span class='ocrx_word' id='word_1_154' title='bbox 990 1961 1180 2009; x_wconf 87' lang='lat' dir='ltr'>Mortis</span> <span class='ocrx_word' id='word_1_155' title='bbox 1220 1960 1410 2022; x_wconf 87' lang='lat' dir='ltr'>sagitta</span> <span class='ocrx_word' id='word_1_156' title='bbox 1450 1959 1795 2022; x_wconf 85' lang='lat' dir='ltr'>transfigitur,</span> <span class='ocrx_word' id='word_1_157' title='bbox 1823 1960 1866 2008; x_wconf 84' lang='lat'>&amp;</span> <span class='ocrx_word' id='word_1_158' title='bbox 1905 1960 2110 2010; x_wconf 91' lang='lat' dir='ltr'>dictum</span> <span class='ocrx_word' id='word_1_159' title='bbox 2151 1961 2249 2010; x_wconf 87' lang='lat' dir='ltr'>erit</span> 
     </span>
     <span class='ocr_line' id='line_1_22' title="bbox 588 2035 2247 2096; baseline 0.001 -11"><span class='ocrx_word' id='word_1_160' title='bbox 588 2037 801 2086; x_wconf 91' lang='lat' dir='ltr'>nullum</span> <span class='ocrx_word' id='word_1_161' title='bbox 826 2035 893 2086; x_wconf 88' lang='lat' dir='ltr'>de</span> <span class='ocrx_word' id='word_1_162' title='bbox 911 2037 1139 2096; x_wconf 87' lang='lat' dir='ltr'>Venere,</span> <span class='ocrx_word' id='word_1_163' title='bbox 1167 2035 1279 2096; x_wconf 91' lang='lat' dir='ltr'>sed,</span> <span class='ocrx_word' id='word_1_164' title='bbox 1306 2038 1445 2086; x_wconf 80' lang='lat' dir='ltr'>Mors</span> <span class='ocrx_word' id='word_1_165' title='bbox 1466 2036 1587 2085; x_wconf 74' lang='lat' dir='ltr'><em>mihi</em></span> <span class='ocrx_word' id='word_1_166' title='bbox 1605 2054 1718 2085; x_wconf 78' lang='lat' dir='ltr'>sors.</span> <span class='ocrx_word' id='word_1_167' title='bbox 1733 2037 2016 2086; x_wconf 77' lang='lat' dir='ltr'>Policratem</span> <span class='ocrx_word' id='word_1_168' title='bbox 2032 2037 2247 2087; x_wconf 81' lang='lat' dir='ltr'>Samium</span> 
     </span>
     <span class='ocr_line' id='line_1_23' title="bbox 588 2113 2247 2175; baseline 0.001 -13"><span class='ocrx_word' id='word_1_169' title='bbox 588 2113 772 2162; x_wconf 84' lang='lat' dir='ltr'>scribit</span> <span class='ocrx_word' id='word_1_170' title='bbox 811 2129 965 2163; x_wconf 90' lang='lat' dir='ltr'>meus</span> <span class='ocrx_word' id='word_1_171' title='bbox 1006 2114 1193 2163; x_wconf 89' lang='lat' dir='ltr'>Cicero</span> <span class='ocrx_word' id='word_1_172' title='bbox 1231 2113 1565 2164; x_wconf 84' lang='lat' dir='ltr'>fortunatum</span> <span class='ocrx_word' id='word_1_173' title='bbox 1605 2113 1771 2163; x_wconf 90' lang='lat' dir='ltr'>fuisse</span> <span class='ocrx_word' id='word_1_174' title='bbox 1811 2114 1939 2175; x_wconf 90' lang='lat' dir='ltr'>quia</span> <span class='ocrx_word' id='word_1_175' title='bbox 1983 2115 2247 2164; x_wconf 92' lang='lat' dir='ltr'>annulum</span> 
     </span>
    </p>

    <p class='ocr_par' dir='ltr' id='par_1_10' title="bbox 422 2190 2248 2407">
     <span class='ocr_line' id='line_1_24' title="bbox 422 2190 2248 2254; baseline 0 -14"><span class='ocrx_word' id='word_1_176' title='bbox 422 2191 545 2241; x_wconf 86' lang='lat'>2830</span> <span class='ocrx_word' id='word_1_177' title='bbox 589 2190 773 2252; x_wconf 92' lang='lat' dir='ltr'>(quem</span> <span class='ocrx_word' id='word_1_178' title='bbox 799 2191 855 2239; x_wconf 92' lang='lat' dir='ltr'>in</span> <span class='ocrx_word' id='word_1_179' title='bbox 879 2190 1012 2239; x_wconf 88' lang='lat' dir='ltr'>mari</span> <span class='ocrx_word' id='word_1_180' title='bbox 1037 2190 1306 2253; x_wconf 86' lang='lat' dir='ltr'>amiserat)</span> <span class='ocrx_word' id='word_1_181' title='bbox 1331 2191 1545 2253; x_wconf 79' lang='lat' dir='ltr'>reperiit</span> <span class='ocrx_word' id='word_1_182' title='bbox 1563 2191 1617 2240; x_wconf 90' lang='lat' dir='ltr'>in</span> <span class='ocrx_word' id='word_1_183' title='bbox 1636 2191 1936 2240; x_wconf 89' lang='lat' dir='ltr'>ventriculo</span> <span class='ocrx_word' id='word_1_184' title='bbox 1958 2192 2122 2254; x_wconf 90' lang='lat' dir='ltr'>piscis</span> <span class='ocrx_word' id='word_1_185' title='bbox 2146 2191 2248 2240; x_wconf 91' lang='lat' dir='ltr'>sibi</span> 
     </span>
     <span class='ocr_line' id='line_1_25' title="bbox 589 2265 2247 2329; baseline 0.002 -14"><span class='ocrx_word' id='word_1_186' title='bbox 589 2265 832 2316; x_wconf 87' lang='lat' dir='ltr'>venditi:</span> <span class='ocrx_word' id='word_1_187' title='bbox 861 2267 980 2328; x_wconf 89' lang='lat' dir='ltr'>Ego</span> <span class='ocrx_word' id='word_1_188' title='bbox 1017 2284 1141 2316; x_wconf 88' lang='lat' dir='ltr'>vero</span> <span class='ocrx_word' id='word_1_189' title='bbox 1177 2268 1422 2317; x_wconf 89' lang='lat' dir='ltr'>omnium</span> <span class='ocrx_word' id='word_1_190' title='bbox 1458 2267 1899 2327; x_wconf 89' lang='lat' dir='ltr'>infoelicissimus,</span> <span class='ocrx_word' id='word_1_191' title='bbox 1938 2269 2031 2329; x_wconf 93' lang='lat' dir='ltr'>qui</span> <span class='ocrx_word' id='word_1_192' title='bbox 2066 2285 2247 2318; x_wconf 92' lang='lat' dir='ltr'>meum</span> 
     </span>
     <span class='ocr_line' id='line_1_26' title="bbox 589 2343 2248 2407; baseline 0.001 -15"><span class='ocrx_word' id='word_1_193' title='bbox 589 2344 872 2393; x_wconf 91' lang='lat' dir='ltr'>Annulum</span> <span class='ocrx_word' id='word_1_194' title='bbox 918 2343 1253 2406; x_wconf 84' lang='lat' dir='ltr'>reperiendo,</span> <span class='ocrx_word' id='word_1_195' title='bbox 1303 2361 1389 2393; x_wconf 92' lang='lat' dir='ltr'>me</span> <span class='ocrx_word' id='word_1_196' title='bbox 1435 2345 1614 2407; x_wconf 90' lang='lat' dir='ltr'>ipsum</span> <span class='ocrx_word' id='word_1_197' title='bbox 1670 2361 1956 2406; x_wconf 90' lang='lat' dir='ltr'>meamque</span> <span class='ocrx_word' id='word_1_198' title='bbox 2011 2345 2248 2394; x_wconf 90' lang='lat' dir='ltr'>animam</span> 
     </span>
    </p>

    <p class='ocr_par' dir='ltr' id='par_1_11' title="bbox 523 2419 2250 2560">
     <span class='ocr_line' id='line_1_27' title="bbox 523 2419 2250 2484; baseline 0.002 -16"><span class='ocrx_word' id='word_1_199' title='bbox 523 2424 542 2446; x_wconf 74' lang='lat'><em>⁶</em></span> <span class='ocrx_word' id='word_1_200' title='bbox 587 2419 815 2482; x_wconf 88' lang='lat' dir='ltr'>perdidi.</span> <span class='ocrx_word' id='word_1_201' title='bbox 842 2421 957 2469; x_wconf 89' lang='lat' dir='ltr'>Iam</span> <span class='ocrx_word' id='word_1_202' title='bbox 976 2437 1098 2470; x_wconf 91' lang='lat' dir='ltr'>vere</span> <span class='ocrx_word' id='word_1_203' title='bbox 1123 2420 1364 2471; x_wconf 88' lang='lat' dir='ltr'>dicturus</span> <span class='ocrx_word' id='word_1_204' title='bbox 1389 2438 1509 2470; x_wconf 90' lang='lat' dir='ltr'>sum</span> <span class='ocrx_word' id='word_1_205' title='bbox 1535 2438 1620 2470; x_wconf 90' lang='lat' dir='ltr'>me</span> <span class='ocrx_word' id='word_1_206' title='bbox 1646 2438 1853 2479; x_wconf 84' lang='lat' dir='ltr'>amasse</span> <span class='ocrx_word' id='word_1_207' title='bbox 1877 2420 2100 2484; x_wconf 90' lang='lat' dir='ltr'>perdite,</span> <span class='ocrx_word' id='word_1_208' title='bbox 2122 2422 2250 2483; x_wconf 92' lang='lat' dir='ltr'>quia</span> 
     </span>
     <span class='ocr_line' id='line_1_28' title="bbox 586 2496 1695 2560; baseline 0.002 -15"><span class='ocrx_word' id='word_1_209' title='bbox 586 2496 819 2559; x_wconf 88' lang='lat' dir='ltr'>Lydiam</span> <span class='ocrx_word' id='word_1_210' title='bbox 844 2497 1158 2557; x_wconf 91' lang='lat' dir='ltr'>amittendo,</span> <span class='ocrx_word' id='word_1_211' title='bbox 1188 2498 1300 2560; x_wconf 91' lang='lat' dir='ltr'>ipse</span> <span class='ocrx_word' id='word_1_212' title='bbox 1324 2514 1487 2560; x_wconf 91' lang='lat' dir='ltr'>pereo</span> <span class='ocrx_word' id='word_1_213' title='bbox 1514 2499 1695 2547; x_wconf 88' lang='lat' dir='ltr'>Miser.</span> 
     </span>
    </p>

    <p class='ocr_par' dir='ltr' id='par_1_12' title="bbox 423 2573 2251 2943">
     <span class='ocr_line' id='line_1_29' title="bbox 423 2573 2248 2634; baseline -0.001 -9"><span class='ocrx_word' id='word_1_214' title='bbox 423 2574 544 2625; x_wconf 87' lang='lat'><strong>2835</strong></span> <span class='ocrx_word' id='word_1_215' title='bbox 651 2575 775 2623; x_wconf 76' lang='lat' dir='ltr'>Dr0.</span> <span class='ocrx_word' id='word_1_216' title='bbox 801 2575 991 2623; x_wconf 91' lang='lat' dir='ltr'>Amice</span> <span class='ocrx_word' id='word_1_217' title='bbox 1027 2573 1275 2634; x_wconf 88' lang='lat' dir='ltr'>Pedanti‚</span> <span class='ocrx_word' id='word_1_218' title='bbox 1311 2591 1423 2624; x_wconf 92' lang='lat' dir='ltr'>non</span> <span class='ocrx_word' id='word_1_219' title='bbox 1459 2580 1514 2625; x_wconf 92' lang='lat' dir='ltr'>tu</span> <span class='ocrx_word' id='word_1_220' title='bbox 1550 2575 1762 2634; x_wconf 89' lang='lat' dir='ltr'>stultus,</span> <span class='ocrx_word' id='word_1_221' title='bbox 1800 2591 1911 2624; x_wconf 95' lang='lat' dir='ltr'>non</span> <span class='ocrx_word' id='word_1_222' title='bbox 1950 2581 2008 2624; x_wconf 95' lang='lat' dir='ltr'>tu</span> <span class='ocrx_word' id='word_1_223' title='bbox 2049 2575 2248 2634; x_wconf 91' lang='lat' dir='ltr'>animal</span> 
     </span>
     <span class='ocr_line' id='line_1_30' title="bbox 589 2650 2251 2713; baseline 0.001 -13"><span class='ocrx_word' id='word_1_224' title='bbox 589 2651 894 2700; x_wconf 89' lang='lat' dir='ltr'>irrationale</span> <span class='ocrx_word' id='word_1_225' title='bbox 914 2651 933 2699; x_wconf 76' lang='grc' dir='ltr'><em>Ρ</em></span> <span class='ocrx_word' id='word_1_226' title='bbox 954 2650 1181 2701; x_wconf 90' lang='lat' dir='ltr'>Videtur</span> <span class='ocrx_word' id='word_1_227' title='bbox 1207 2651 1355 2712; x_wconf 93' lang='lat' dir='ltr'>quod</span> <span class='ocrx_word' id='word_1_228' title='bbox 1380 2652 1474 2701; x_wconf 89' lang='lat' dir='ltr'>sic.</span> <span class='ocrx_word' id='word_1_229' title='bbox 1503 2652 1647 2701; x_wconf 91' lang='lat' dir='ltr'>Nam</span> <span class='ocrx_word' id='word_1_230' title='bbox 1678 2657 1735 2701; x_wconf 95' lang='lat' dir='ltr'>tu</span> <span class='ocrx_word' id='word_1_231' title='bbox 1770 2652 1850 2701; x_wconf 87' lang='lat' dir='ltr'>vir</span> <span class='ocrx_word' id='word_1_232' title='bbox 1874 2668 1929 2701; x_wconf 91' lang='lat' dir='ltr'>es</span> <span class='ocrx_word' id='word_1_233' title='bbox 1953 2668 2078 2701; x_wconf 87' lang='lat' dir='ltr'>curn</span> <span class='ocrx_word' id='word_1_234' title='bbox 2102 2652 2251 2713; x_wconf 86' lang='lat' dir='ltr'>virga</span> 
     </span>
     <span class='ocr_line' id='line_1_31' title="bbox 590 2727 2251 2790; baseline 0 -13"><span class='ocrx_word' id='word_1_235' title='bbox 590 2728 814 2787; x_wconf 87' lang='lat' dir='ltr'>activus,</span> <span class='ocrx_word' id='word_1_236' title='bbox 858 2727 902 2775; x_wconf 72' lang='grc' dir='ltr'>δι</span> <span class='ocrx_word' id='word_1_237' title='bbox 940 2727 1037 2777; x_wconf 90' lang='lat' dir='ltr'>fles</span> <span class='ocrx_word' id='word_1_238' title='bbox 1076 2734 1259 2777; x_wconf 84' lang='lat' dir='ltr'>tamen</span> <span class='ocrx_word' id='word_1_239' title='bbox 1302 2734 1562 2789; x_wconf 89' lang='lat' dir='ltr'>tanquam</span> <span class='ocrx_word' id='word_1_240' title='bbox 1607 2745 1743 2790; x_wconf 91' lang='lat' dir='ltr'>puer</span> <span class='ocrx_word' id='word_1_241' title='bbox 1787 2734 1911 2778; x_wconf 90' lang='lat' dir='ltr'>tuus</span> <span class='ocrx_word' id='word_1_242' title='bbox 1956 2728 2058 2778; x_wconf 93' lang='lat' dir='ltr'>sub</span> <span class='ocrx_word' id='word_1_243' title='bbox 2103 2729 2251 2790; x_wconf 87' lang='lat' dir='ltr'>virga</span> 
     </span>
     <span class='ocr_line' id='line_1_32' title="bbox 590 2803 2250 2867; baseline 0.001 -14"><span class='ocrx_word' id='word_1_244' title='bbox 590 2805 855 2867; x_wconf 88' lang='lat' dir='ltr'>passivus.</span> <span class='ocrx_word' id='word_1_245' title='bbox 881 2803 1114 2854; x_wconf 88' lang='lat' dir='ltr'>Attende</span> <span class='ocrx_word' id='word_1_246' title='bbox 1146 2803 1278 2865; x_wconf 91' lang='lat' dir='ltr'>quid</span> <span class='ocrx_word' id='word_1_247' title='bbox 1311 2804 1684 2867; x_wconf 91' lang='lat' dir='ltr'>Philosophus</span> <span class='ocrx_word' id='word_1_248' title='bbox 1715 2803 1861 2854; x_wconf 90' lang='lat' dir='ltr'>dicit.</span> <span class='ocrx_word' id='word_1_249' title='bbox 1891 2804 2043 2853; x_wconf 91' lang='lat' dir='ltr'>Nihil</span> <span class='ocrx_word' id='word_1_250' title='bbox 2067 2821 2250 2866; x_wconf 82' lang='lat' dir='ltr'>gener-</span> 
     </span>
     <span class='ocr_line' id='line_1_33' title="bbox 591 2879 2251 2943; baseline 0.001 -13"><span class='ocrx_word' id='word_1_251' title='bbox 591 2887 709 2931; x_wconf 92' lang='lat' dir='ltr'>atur</span> <span class='ocrx_word' id='word_1_252' title='bbox 748 2881 882 2942; x_wconf 93' lang='lat' dir='ltr'>quin</span> <span class='ocrx_word' id='word_1_253' title='bbox 922 2879 1065 2930; x_wconf 90' lang='lat' dir='ltr'>idem</span> <span class='ocrx_word' id='word_1_254' title='bbox 1106 2881 1517 2943; x_wconf 80' lang='lat' dir='ltr'>corrumpitur:</span> <span class='ocrx_word' id='word_1_255' title='bbox 1554 2880 1598 2928; x_wconf 67' lang='grc' dir='ltr'><strong><em>ἃ</em></strong></span> <span class='ocrx_word' id='word_1_256' title='bbox 1637 2880 1897 2942; x_wconf 91' lang='lat' dir='ltr'>quicquid</span> <span class='ocrx_word' id='word_1_257' title='bbox 1938 2886 2016 2930; x_wconf 93' lang='lat' dir='ltr'>est</span> <span class='ocrx_word' id='word_1_258' title='bbox 2055 2881 2110 2930; x_wconf 93' lang='lat' dir='ltr'>in</span> <span class='ocrx_word' id='word_1_259' title='bbox 2149 2880 2251 2931; x_wconf 89' lang='lat' dir='ltr'>hac</span> 
     </span>
    </p>

    <p class='ocr_par' dir='ltr' id='par_1_13' title="bbox 423 2956 2250 3326">
     <span class='ocr_line' id='line_1_34' title="bbox 423 2956 2250 3020; baseline 0 -13"><span class='ocrx_word' id='word_1_260' title='bbox 423 2959 547 3020; x_wconf 87' lang='lat'>2840</span> <span class='ocrx_word' id='word_1_261' title='bbox 591 2957 871 3007; x_wconf 87' lang='lat' dir='ltr'>sublunari</span> <span class='ocrx_word' id='word_1_262' title='bbox 906 2956 1172 3007; x_wconf 91' lang='lat' dir='ltr'>mundiali</span> <span class='ocrx_word' id='word_1_263' title='bbox 1204 2956 1412 3019; x_wconf 89' lang='lat' dir='ltr'>sphaera</span> <span class='ocrx_word' id='word_1_264' title='bbox 1447 2958 1584 3006; x_wconf 88' lang='lat' dir='ltr'>sicut</span> <span class='ocrx_word' id='word_1_265' title='bbox 1617 2957 1750 3005; x_wconf 77' lang='lat' dir='ltr'>habet</span> <span class='ocrx_word' id='word_1_266' title='bbox 1778 2958 1895 3006; x_wconf 82' lang='lat' dir='ltr'>Esse</span> <span class='ocrx_word' id='word_1_267' title='bbox 1927 2957 1978 3006; x_wconf 81' lang='lat' dir='ltr'>in</span> <span class='ocrx_word' id='word_1_268' title='bbox 2010 2961 2129 3016; x_wconf 83' lang='lat' dir='ltr'>actu,</span> <span class='ocrx_word' id='word_1_269' title='bbox 2174 2958 2250 3007; x_wconf 86' lang='lat' dir='ltr'>sic</span> 
     </span>
     <span class='ocr_line' id='line_1_35' title="bbox 589 3034 2249 3097; baseline 0 -14"><span class='ocrx_word' id='word_1_270' title='bbox 589 3034 752 3084; x_wconf 92' lang='lat' dir='ltr'>habet</span> <span class='ocrx_word' id='word_1_271' title='bbox 790 3051 879 3083; x_wconf 80' lang='lat' dir='ltr'>non</span> <span class='ocrx_word' id='word_1_272' title='bbox 919 3035 1035 3083; x_wconf 77' lang='lat' dir='ltr'>Esse</span> <span class='ocrx_word' id='word_1_273' title='bbox 1073 3034 1124 3082; x_wconf 79' lang='lat' dir='ltr'>in</span> <span class='ocrx_word' id='word_1_274' title='bbox 1156 3034 1377 3096; x_wconf 74' lang='lat' dir='ltr'>potentia.</span> <span class='ocrx_word' id='word_1_275' title='bbox 1417 3034 1758 3097; x_wconf 71' lang='lat' dir='ltr'>Quapropter</span> <span class='ocrx_word' id='word_1_276' title='bbox 1798 3051 1898 3096; x_wconf 87' lang='lat' dir='ltr'>ego</span> <span class='ocrx_word' id='word_1_277' title='bbox 1933 3051 2043 3084; x_wconf 92' lang='lat' dir='ltr'>non</span> <span class='ocrx_word' id='word_1_278' title='bbox 2078 3035 2249 3096; x_wconf 86' lang='lat' dir='ltr'>magis</span> 
     </span>
     <span class='ocr_line' id='line_1_36' title="bbox 592 3109 2249 3172; baseline 0 -13"><span class='ocrx_word' id='word_1_279' title='bbox 592 3111 756 3160; x_wconf 90' lang='lat' dir='ltr'>miror</span> <span class='ocrx_word' id='word_1_280' title='bbox 794 3111 950 3160; x_wconf 89' lang='lat' dir='ltr'>istam</span> <span class='ocrx_word' id='word_1_281' title='bbox 991 3128 1022 3159; x_wconf 93' lang='lat' dir='ltr'>a</span> <span class='ocrx_word' id='word_1_282' title='bbox 1060 3111 1168 3159; x_wconf 87' lang='lat' dir='ltr'>vita</span> <span class='ocrx_word' id='word_1_283' title='bbox 1203 3111 1345 3171; x_wconf 82' lang='lat' dir='ltr'>(quae</span> <span class='ocrx_word' id='word_1_284' title='bbox 1380 3117 1459 3159; x_wconf 91' lang='lat' dir='ltr'>est</span> <span class='ocrx_word' id='word_1_285' title='bbox 1494 3111 1754 3160; x_wconf 87' lang='lat' dir='ltr'>terminus</span> <span class='ocrx_word' id='word_1_286' title='bbox 1788 3128 1819 3160; x_wconf 94' lang='lat' dir='ltr'>a</span> <span class='ocrx_word' id='word_1_287' title='bbox 1852 3112 1982 3171; x_wconf 94' lang='lat' dir='ltr'>quo)</span> <span class='ocrx_word' id='word_1_288' title='bbox 2016 3110 2144 3172; x_wconf 85' lang='lat'>[162]</span> <span class='ocrx_word' id='word_1_289' title='bbox 2181 3109 2249 3159; x_wconf 88' lang='lat' dir='ltr'>ad</span> 
     </span>
     <span class='ocr_line' id='line_1_37' title="bbox 591 3186 2246 3250; baseline 0 -14"><span class='ocrx_word' id='word_1_290' title='bbox 591 3193 818 3237; x_wconf 89' lang='lat' dir='ltr'>mortem</span> <span class='ocrx_word' id='word_1_291' title='bbox 843 3187 986 3249; x_wconf 84' lang='lat' dir='ltr'>(quae</span> <span class='ocrx_word' id='word_1_292' title='bbox 1009 3193 1088 3237; x_wconf 90' lang='lat' dir='ltr'>est</span> <span class='ocrx_word' id='word_1_293' title='bbox 1120 3188 1381 3237; x_wconf 87' lang='lat' dir='ltr'>terminus</span> <span class='ocrx_word' id='word_1_294' title='bbox 1415 3186 1484 3236; x_wconf 94' lang='lat' dir='ltr'>ad</span> <span class='ocrx_word' id='word_1_295' title='bbox 1519 3187 1703 3249; x_wconf 87' lang='lat' dir='ltr'>quem)</span> <span class='ocrx_word' id='word_1_296' title='bbox 1726 3187 2050 3250; x_wconf 88' lang='lat' dir='ltr'>pervenisse,</span> <span class='ocrx_word' id='word_1_297' title='bbox 2084 3204 2246 3248; x_wconf 92' lang='lat' dir='ltr'>quam</span> 
     </span>
     <span class='ocr_line' id='line_1_38' title="bbox 589 3263 1647 3326; baseline 0 -14"><span class='ocrx_word' id='word_1_298' title='bbox 589 3263 633 3312; x_wconf 92' lang='lat' dir='ltr'>si</span> <span class='ocrx_word' id='word_1_299' title='bbox 659 3264 780 3325; x_wconf 87' lang='lat' dir='ltr'>quis</span> <span class='ocrx_word' id='word_1_300' title='bbox 804 3270 1039 3314; x_wconf 90' lang='lat' dir='ltr'>vestrum</span> <span class='ocrx_word' id='word_1_301' title='bbox 1065 3280 1230 3313; x_wconf 91' lang='lat' dir='ltr'>ovum</span> <span class='ocrx_word' id='word_1_302' title='bbox 1252 3263 1342 3314; x_wconf 92' lang='lat' dir='ltr'>hic</span> <span class='ocrx_word' id='word_1_303' title='bbox 1365 3263 1647 3326; x_wconf 83' lang='lat' dir='ltr'>frangeret.</span> 
     </span>
    </p>

    <p class='ocr_par' dir='ltr' id='par_1_14' title="bbox 424 3338 2246 3413">
     <span class='ocr_line' id='line_1_39' title="bbox 424 3338 2246 3413; baseline 0 -23"><span class='ocrx_word' id='word_1_304' title='bbox 424 3338 545 3400; x_wconf 86' lang='lat'><strong>2845</strong></span> <span class='ocrx_word' id='word_1_305' title='bbox 654 3340 765 3390; x_wconf 83' lang='lat' dir='ltr'>Cro.</span> <span class='ocrx_word' id='word_1_306' title='bbox 804 3341 851 3390; x_wconf 88' lang='lat' dir='ltr'>O</span> <span class='ocrx_word' id='word_1_307' title='bbox 887 3346 1070 3400; x_wconf 89' lang='lat' dir='ltr'>sancte</span> <span class='ocrx_word' id='word_1_308' title='bbox 1114 3340 1415 3400; x_wconf 88' lang='lat' dir='ltr'>Francisce,</span> <span class='ocrx_word' id='word_1_309' title='bbox 1460 3340 1573 3413; x_wconf 89' lang='lat' dir='ltr'>(qui</span> <span class='ocrx_word' id='word_1_310' title='bbox 1614 3341 1736 3402; x_wconf 73' lang='lat' dir='ltr'>coeli</span> <span class='ocrx_word' id='word_1_311' title='bbox 1773 3341 2046 3393; x_wconf 71' lang='lat' dir='ltr'>sacellanus</span> <span class='ocrx_word' id='word_1_312' title='bbox 2087 3357 2160 3410; x_wconf 75' lang='lat' dir='ltr'>es,</span> <span class='ocrx_word' id='word_1_313' title='bbox 2203 3340 2246 3389; x_wconf 74' lang='grc' dir='ltr'>δε</span> 
     </span>
    </p>
   </div>
   <div class='ocr_carea' id='block_1_4' title="bbox 2360 2335 2444 4140">
    <p class='ocr_par' dir='ltr' id='par_1_15' title="bbox 2360 2335 2444 4140">
     <span class='ocr_line' id='line_1_40' title="bbox 2360 2335 2444 4140; baseline 0 0"><span class='ocrx_word' id='word_1_314' title='bbox 2360 2335 2444 4140; x_wconf 95' lang='lat' dir='ltr'> </span> 
     </span>
    </p>
   </div>
  </div>
 </body>
</html>
