2444 4140
575 397 642 451 28
978 390 1291 446 Pedantius
1314 391 1396 445 A.
1419 401 1491 444 ΙΙ.
1517 392 1609 446 Sc,
1638 402 1739 446 HI.

569 565 764 610 nempe
790 553 848 597 ut
871 545 939 595 ad
964 545 1206 595 medium
1237 547 1596 608 perveniatur.
1623 548 1694 595 Vt
1724 545 1883 596 docet
1916 546 2228 596 Aristoteles

574 626 626 674 in
652 624 876 673 Ethieis.

628 703 749 749 Ped.
775 700 1012 758 Vtinam,
1040 705 1096 748 vt
1123 700 1376 760 Lynceus
1402 700 1550 759 olim,
1578 700 1654 748 sic
1693 716 1792 761 ego
1824 717 1970 749 nunc
2000 700 2228 761 parietes

430 781 524 841 960
568 778 696 826 istos
719 793 936 838 possem
966 776 1137 825 oculis
1172 782 1468 837 penetrare,
1502 775 1734 837 Lydiam
1770 793 1945 825 meam
1982 793 2091 836 quo
2126 793 2229 825 cer-

567 870 767 912 nerem,
796 852 928 913 quid
953 859 1074 914 agat
1097 869 1108 911 ;
1136 851 1230 901 sed
1256 870 1286 900 O
1311 852 1419 901 fors
1447 852 1686 902 fortuna!
1710 853 1842 901 mihi
1861 852 2227 902 descendend-

566 948 648 979 um
674 935 752 978 est
776 930 832 978 in
857 930 1027 978 solem
1052 928 1095 976 &
1118 930 1416 991 pulverem.

625 1008 748 1055 Dro.
789 1007 905 1054 Iam
940 1005 1326 1055 declinandum
1359 1012 1438 1056 est
1471 1011 1615 1055 extra
1650 1005 1950 1055 Zodiacum
1985 1005 2222 1054 rationis.

566 1085 685 1145 Ego
710 1083 864 1132 abeo.

427 1161 519 1223 965
625 1161 746 1208 Ped.
763 1160 1126 1220 Nequaquam
1144 1176 1155 1208 z
1173 1166 1440 1221 spectator
1454 1160 1557 1208 eris
1570 1166 1627 1209 tu
1643 1177 1884 1209 mearum
1894 1176 2223 1221 pugnarum,

557 1236 688 1285 dum
715 1253 814 1297 ego
839 1236 980 1285 hanc
1004 1235 1218 1285 adorior
1241 1238 1326 1285 vel
1352 1235 1517 1285 adoro
1541 1238 1739 1298 potius.

958 1383 1142 1437 Actus
1167 1382 1461 1437 secundus,
1493 1384 1672 1437 Scena

1213 1523 1410 1573 Tertia.

1035 1658 1225 1706 LYmA.
1255 1658 1591 1706 PEDANTIVS.

427 1804 522 1854 970
1113 1791 1514 1839 DRoMonoTvs.

624 1925 689 1972 L.
735 1924 1033 1984 Postquam
1074 1923 1218 1972 intus
1259 1930 1442 1972 curata
1482 1924 1588 1971 sint
1634 1922 1832 1981 omnia,
1875 1928 1931 1971 vt
1971 1922 2222 1984 oportuit,

563 2000 695 2049 libet
734 2001 842 2048 iam
881 2001 1155 2062 paulisper
1189 1999 1255 2049 de
1296 2017 1538 2049 mearum
1579 2016 1832 2050 successu
1871 2015 2049 2048 rerum
2090 1998 2228 2060 cogi-

562 2083 691 2125 tare.
721 2076 818 2138 [55]

625 2154 745 2202 Ped.
775 2154 864 2202 Sic
891 2154 1051 2215 igitur
1075 2152 1358 2215 aggredior
1381 2153 1506 2202 bonis
1535 2153 1683 2214 quod
1718 2153 1870 2202 aiunt
1903 2153 2078 2201 avibus,
2108 2152 2224 2201 Etsi

425 2232 517 2293 975
565 2229 802 2280 delector
827 2231 1059 2280 multum
1085 2231 1345 2280 suavitate
1371 2231 1634 2280 sermonis
1658 2231 1754 2290 tui,
1783 2230 1949 2291 (Nam
1985 2246 2098 2279 non
2120 2245 2225 2278 vox

561 2307 839 2356 hominem
875 2313 1031 2356 sonat
1059 2324 1068 2355 ε
1099 2308 1145 2356 Ο
1172 2307 1273 2356 dea
1297 2307 1458 2369 certe)
1482 2314 1665 2356 tamen
1689 2324 1853 2369 cogor
1886 2307 1974 2356 hic
2008 2312 2225 2369 propter

562 2385 836 2446 angustias
859 2385 1116 2446 temporis
1139 2385 1409 2445 reliquum
1431 2390 1709 2446 amputare
1729 2401 1946 2434 cursum
1968 2383 2223 2433 orationis

560 2467 685 2510 tuae

620 2539 748 2600 Lyd.
780 2537 1025 2597 Factum,
1065 2555 1096 2587 0
1129 2537 1361 2597 fortuna,
1389 2538 1653 2598 nequiter,
1681 2537 1829 2599 quod
1864 2538 2026 2587 istum
2053 2536 2223 2586 obiec-

421 2614 514 2677 989
560 2613 646 2663 isti
664 2615 776 2676 jam
801 2621 911 2664 tam
936 2616 1198 2678 ineptum,
1226 2621 1336 2664 tam
1361 2616 1733 2700 importunum
1758 2614 1909 2664 mihi.

617 2692 738 2739 Ped.
769 2692 835 2740 In
868 2697 1109 2754 tempore
1144 2693 1312 2751 venis,
1340 2691 1489 2752 quod
1524 2692 1767 2741 omnium
1801 2708 1979 2741 rerum
2014 2696 2093 2740 est
2125 2690 2223 2752 pri-

558 2784 708 2817 mum
738 2784 748 2815 :
775 2767 1074 2832 Adesdum,
1100 2769 1290 2830 paucis
1313 2775 1364 2817 te
1387 2769 1534 2817 volo.

618 2845 747 2907 Lyd.
777 2846 893 2893 Etsi
918 2846 1315 2905 necquicquam
1339 2845 1566 2906 placeat,
1593 2850 1776 2893 tamen
1810 2861 1935 2894 cum
1971 2844 2216 2894 inhuma-

557 2937 683 2969 nam
709 2938 824 2970 esse
850 2921 998 2971 haud
1022 2921 1210 2970 deceat
1236 2938 1246 2969 :
1276 2920 1493 2970 audiam
1519 2937 1640 2981 quae
1664 2921 1931 2981 loquatur.

420 2996 511 3058 985
617 2998 737 3045 Ped.
767 2998 1037 3059 Cogitanti
1072 2997 1205 3046 mihi
1241 3013 1629 3058 saepenumero,
1657 2995 1700 3043 &
1740 2997 2000 3045 memoria
2040 3003 2217 3046 vetera

556 3075 833 3135 repetenti,
870 3074 1109 3136 perbeati
1149 3072 1349 3135 (Lydia
1388 3072 1559 3134 virgo)
1599 3072 1768 3121 videri
1811 3073 2001 3132 solent,
2040 3074 2133 3133 qui
2173 3072 2216 3120 &

556 3167 734 3199 amare
759 3150 802 3197 &
826 3152 992 3199 amari
1016 3150 1260 3199 foeliciter
1284 3166 1524 3209 unquam
1550 3155 1858 3210 potuerunt,
1882 3150 1952 3198 ita
1976 3156 2032 3198 vt
2055 3150 2215 3199 simul

555 3243 665 3274 uno
691 3226 992 3288 eodemque
1024 3232 1228 3288 puncto
1263 3226 1519 3287 temporis
1543 3225 1586 3272 &
1612 3231 1852 3274 amantes
1877 3225 1919 3272 &
1945 3226 2106 3274 amati
2129 3242 2215 3274 esse

548 3306 674 3365 posse
712 3304 976 3352 videantur.
1014 3297 1160 3352 'Nam
1207 3302 1283 3364 (vt
1328 3302 1671 3364 Peripatetici
1713 3302 2017 3364 perhibent)
2051 3304 2220 3352 Amor
