2444 4140
291 1200 351 1249 65

293 2338 355 2386 8ο

292 2714 352 2762 85

292 3108 356 3153 90

847 366 1159 421 Pedantius
1181 366 1235 421 A
1250 408 1262 421 .
1290 375 1334 420 Ι.
1353 365 1444 421 Se.
1474 375 1518 419 Ι.
2001 368 2035 421 3

397 520 728 582 dignumque
747 519 909 581 vquod
943 521 999 569 in
1031 520 1255 569 Veneris
1288 519 1566 569 recumbat
1596 519 1800 580 gremio
1830 535 1841 567 :
1867 520 1900 568 ὀ
1922 535 2036 581 per-

398 595 555 646 dulce
592 603 796 658 pectus,
834 596 1076 644 omnium
1112 595 1375 657 Syrenum
1411 594 1610 653 sedem,
1637 600 1876 644 ventrem
1910 612 2036 644 vero

398 670 772 732 dignissimum
797 671 1080 730 ambrosia,
1107 677 1336 730 nectare,
1364 671 1603 720 Deorum
1638 671 1771 720 cibis
1799 676 2035 721 saturan-

398 746 546 806 dum,
593 746 809 796 brachia
853 748 1128 805 lacertosa‚
1176 746 1374 807 quibus
1416 752 1584 796 turres
1629 762 1768 809 saepe
1812 747 2037 797 revulsae

398 828 523 872 sunt
569 821 838 880 radssfitus,
892 821 1056 883 pedes
1110 828 1289 871 autem
1349 822 1478 883 ipsis
1532 823 1834 884 puellarum
1879 822 2035 884 labijs

397 898 670 947 suauiores
700 915 710 946 :
736 897 840 947 hoc
863 898 1025 947 verbo
1048 898 1291 958 provolvi
1315 897 1478 946 debes
1506 897 1824 957 humillime,
1850 897 2034 960 pedes-

398 989 502 1033 que
526 989 675 1022 meos
699 974 1002 1023 oscularier.

457 1050 579 1110 Pog.
604 1048 840 1098 Ostende
865 1048 1088 1110 (quaeso)
1112 1065 1221 1110 quo
1245 1047 1407 1098 modo
1430 1065 1440 1097 :
1463 1065 1612 1098 meos
1636 1049 1865 1098 suaviari
1887 1050 2035 1112 prius

395 1130 446 1173 te
469 1125 610 1173 volo.
639 1124 849 1173 Siccine
874 1125 1107 1173 officium
1130 1124 1375 1186 negligiS,
1401 1124 1670 1186 pessime?
1699 1123 1859 1174 facito
1893 1131 2035 1176 actu-

394 1206 528 1250 tum.

461 1276 570 1325 Cro.
601 1276 840 1334 FalleriS‚
885 1276 1209 1337 Poggloste;
1251 1274 1532 1325 dominum
1572 1282 1623 1325 te
1660 1275 1828 1326 videri
1866 1278 2031 1337 volui,

396 1367 507 1401 non
530 1368 663 1401 esse.
755 1350 757 1353 ’

456 1429 578 1490 Pog.
604 1429 675 1476 At
697 1427 827 1477 mihi
862 1444 973 1476 non
1007 1429 1183 1490 placet
1215 1428 1531 1490 hypocrisis.
1560 1428 1738 1491 Quare
1775 1444 1874 1490 ego
1910 1430 2034 1479 Cro-

395 1503 552 1552 bolus
576 1520 695 1552 sum
719 1520 920 1562 reuera,
943 1504 1143 1564 iamque
1167 1503 1234 1565 [5]
1257 1503 1485 1565 Lydiam
1505 1503 1723 1553 ambibo
1742 1505 1996 1554 amatorie
2020 1521 2031 1553 :

393 1585 450 1628 tu
492 1579 781 1640 Poggloste
819 1579 940 1628 vide
979 1586 1035 1627 vt
1072 1595 1254 1629 meum
1286 1580 1395 1628 Hoc
1427 1581 1642 1628 secteris
1675 1586 1938 1639 accurate,
1979 1587 2036 1629 vt

393 1655 627 1716 vestigijs
651 1671 860 1716 semper
895 1655 1106 1703 insistas
1136 1655 1269 1703 meis
1297 1670 1308 1702 τ
1333 1655 1575 1716 pallium,
1601 1655 1822 1716 pileum,
1850 1656 2031 1714 calcei,

394 1731 594 1792 caligae,
638 1729 759 1778 vide
792 1736 847 1778 vt
884 1737 1036 1778 tersae
1069 1729 1393 1790 mundaeque
1433 1730 1538 1778 sint
1575 1745 1586 1778 ε
1629 1729 1802 1778 laudis
1842 1736 2036 1779 nostrae

393 1806 706 1856 buccinator
723 1805 810 1864 sis,
831 1805 1067 1867 pendeas
1086 1822 1150 1854 ex
1166 1811 1319 1864 nutu,
1342 1805 1397 1854 in
1420 1805 1581 1854 verba
1605 1806 1762 1864 iures,
1784 1804 2036 1855 mandata

394 1881 632 1930 celeriter
665 1897 959 1941 exequare;
997 1882 1095 1929 ista
1129 1881 1173 1929 si
1204 1880 1409 1940 feceris,
1447 1897 1536 1929 ero
1570 1881 1666 1929 tibi
1695 1886 1951 1943 patronus
1985 1887 2036 1930 et

393 1962 542 2019 pater
563 1973 573 2004 :
600 1957 683 2006 sin
707 1957 963 2015 o‘rniseris,
986 1972 1109 2006 ecce
1132 1956 1411 2006 brachium
1435 1958 1754 2005 lacertosum
1778 1955 1969 2005 habeo.

456 2033 567 2082 Cro.
608 2031 857 2094 AEdepol,
902 2033 1208 2094 Poggloste,
1253 2033 1550 2081 Dominum
1595 2033 1708 2093 agis
1752 2032 2035 2095 imperiose

393 2109 546 2167 satis,
564 2109 798 2170 experire
822 2125 967 2157 nunc
991 2107 1266 2168 quomodo
1290 2109 1483 2157 servire
1506 2109 1679 2170 possis
1703 2106 1899 2157 denuo.

453 2187 575 2246 Pog.
613 2185 751 2234 Tun’
786 2201 971 2234 seruus
1004 2191 1113 2232 tam
1148 2183 1478 2232 confidenter
1515 2183 1704 2232 herum
1738 2183 2036 2233 irritas?At

393 2260 708 2309 familiarem
744 2277 858 2308 esse
894 2266 1116 2322 oportet,
1145 2260 1452 2322 Poggloste.
1482 2260 1678 2322 Quaeso
1711 2265 1830 2320 tege
1853 2265 2030 2321 caput,

397 2336 530 2385 nihil
565 2342 644 2385 est
676 2335 823 2396 quod
857 2337 927 2384 ita
962 2335 1225 2384 submisse
1248 2341 1303 2384 te
1333 2351 1522 2411 geras:
1550 2351 1650 2395 ego
1684 2334 1882 2383 sodalis
1915 2351 2032 2384 sum

395 2418 556 2461 tuus:
583 2428 804 2471 sequere
827 2428 913 2460 me
938 2428 1121 2472 ocyus.
1375 2420 1385 2437 ³

462 2487 571 2536 Cr0.
594 2487 821 2545 Siccine,
843 2486 1097 2535 verbero?
1114 2465 1255 2535 ensis
1274 2487 1369 2534 iste
1388 2485 1599 2534 dirimet
1617 2486 1764 2534 litem
1789 2502 2034 2535 omnem.

396 2562 584 2611 Viden'
618 2563 721 2611 hoc
761 2562 1056 2623 sceptrum?
1096 2560 1282 2610 Redde
1320 2577 1564 2622 regnum,
1602 2562 1646 2609 si
1679 2562 1838 2623 sapis,
1870 2567 2036 2622 tuque

398 2637 644 2687 subditus
667 2637 845 2686 denuo
870 2638 983 2686 fias.

457 2716 578 2776 Pog.
625 2714 758 2771 Fiat,
801 2713 908 2772 fiat,
953 2729 1088 2774 aegre
1126 2712 1316 2762 ferrem
1355 2713 1528 2762 virum
1568 2728 1653 2761 me
1693 2710 2035 2774 splendidum

397 2790 708 2850 rubiginoso
747 2790 917 2850 perire
956 2788 1174 2849 gladio:
1210 2794 1266 2837 vt
1298 2788 1393 2837 tibi
1417 2788 1635 2874 prosim,
1661 2787 1803 2847 here,
1830 2788 2035 2837 nullam

396 2882 508 2915 cru·
494 2865 701 2926 -[6]cem
727 2871 818 2914 aut
840 2866 1020 2913 restim
1046 2862 1422 2913 reformidabo.
1502 2866 1507 2871 '

459 2941 568 2989 Cro.
596 2941 715 3001 Ego
738 2956 862 2988 vero
887 2940 993 2988 iam
1014 2939 1067 2988 id
1096 2938 1400 2997 reformido,
1426 2955 1493 2994 ne
1516 2938 1646 2987 dum
1671 2938 1816 2988 hunc
1839 2937 2036 2987 seruire

396 3015 573 3074 docui,
600 3016 810 3065 interim
836 3016 905 3064 ob
930 3016 1062 3064 istoc
1085 3016 1310 3077 pallium
1334 3014 1438 3063 hoc
1462 3031 1643 3063 meum
1677 3015 1858 3076 plures
1882 3013 2031 3072 mihi,

391 3092 764 3152 squam-velim,
791 3097 1033 3152 apportet
1056 3091 1314 3149 seruulos,
1342 3106 1478 3150 quos
1512 3106 1635 3139 cum
1665 3090 1894 3139 tenuitas
1922 3088 2037 3138 haec

397 3173 575 3216 nostra
598 3168 737 3220 alere
761 3173 1007 3227 nequeat,
1035 3167 1244 3216 excutio
1268 3165 1477 3216 lubens.
1503 3164 1588 3214 Ad
1611 3171 1662 3214 te
1696 3166 1802 3215 iam
1833 3164 1992 3214 redeo
2022 3180 2034 3213 ε
