2444 4140
233 776 326 824 850

235 1153 326 1201 855

238 1534 331 1580 860

238 1909 328 1958 865

239 2291 332 2350 870

239 2667 328 2730 875

241 3047 333 3094 880

791 392 1102 446 Pedantius
1125 392 1205 446 Α.
1234 401 1306 444 ΙΙ.
1331 391 1421 446 Se.
1451 400 1522 444 ΙΙ.
1943 393 2010 448 25

367 545 663 604 libidinem,
690 544 785 594 sed
808 547 978 594 solam
1001 545 1045 592 δε
1069 562 1270 594 meram
1292 544 1627 594 honestatem
1654 543 1802 605 sequi
1834 560 1844 592 :
1874 544 2010 593 Haec

366 639 539 685 pauca
592 622 866 684 praemissa
919 622 1041 680 sint,
1094 627 1151 670 vt
1206 627 1513 670 occurratur
1567 619 1782 669 cuidam
1838 620 2012 668 tacitae

371 699 676 747 obiectioni.

428 776 549 823 Dro.
584 775 692 822 Hic
724 790 1005 834 processus
1039 779 1118 821 est
1150 771 1486 821 methodicus
1520 771 1563 819 &
1595 772 1965 820 Aristotelicus
1993 787 2003 819 :

369 851 462 910 qui
501 851 557 898 in
596 849 841 910 Physicis
879 850 1070 910 primo,
1108 864 1229 908 quae
1267 865 1379 897 non
1417 849 1522 897 sint
1558 848 1837 910 principia,
1877 847 1921 894 &
1953 848 2010 895 in

371 925 576 974 Ethicis
600 924 731 985 quid
754 941 865 973 non
899 925 966 972 sit
997 923 1259 982 foelicitas,
1291 923 1538 982 ostendit,
1566 930 1854 984 antequam
1878 922 2010 983 quid

369 1002 451 1050 sit.
495 1001 678 1049 Posito
715 1017 861 1049 nunc
900 1016 1024 1061 ergo
1064 1016 1175 1063 non
1219 1000 1445 1047 causativo
1483 999 1697 1048 Amoris
1739 999 1836 1057 tui,
1880 997 2010 1047 ordo

368 1076 618 1139 postulat,
646 1081 705 1124 ut
726 1092 912 1124 verum
943 1075 1056 1136 ejus
1089 1075 1367 1136 operativum
1401 1074 1547 1124 dicas
1586 1092 1596 1123 :
1634 1080 1772 1123 certe
1808 1073 2012 1136 cupidi-

369 1157 473 1200 tate
508 1151 735 1209 sublata,
761 1151 965 1199 tollitur
998 1167 1158 1199 omne
1193 1151 1450 1212 originale
1473 1151 1687 1199 Amoris
1715 1167 1726 1198 ε
1752 1167 1877 1199 nam
1910 1151 2013 1199 nisi

371 1232 705 1289 supponatur
728 1227 908 1286 aliqua
933 1226 1307 1288 appetibilitas,
1334 1226 1484 1275 nulla
1506 1227 1825 1286 relinquitur
1846 1227 2012 1288 possi-

371 1303 548 1352 bilitas
571 1303 800 1351 Vnionis
825 1319 949 1350 cum
975 1302 1200 1363 objecto,
1229 1302 1333 1350 hoc
1356 1303 1471 1351 vult
1495 1301 1864 1364 Philosophia.

433 1380 552 1427 Ped.
593 1377 824 1436 Laudes,
862 1395 995 1438 quas
1030 1378 1161 1426 mihi
1199 1377 1404 1436 tribuis,
1450 1378 1506 1426 in
1541 1378 1787 1439 optimam
1819 1384 2014 1439 partem

372 1455 703 1515 interpretor.
729 1453 889 1516 Quod
908 1452 976 1502 ad
995 1454 1099 1502 alia
1116 1454 1317 1512 attinet,
1340 1469 1460 1514 quae
1478 1453 1672 1512 dixisti,
1694 1454 1771 1503 sic
1787 1453 1982 1502 habeto
1999 1469 2011 1512 ;

373 1547 483 1579 non
509 1529 684 1578 odisse
709 1546 794 1578 me
828 1530 1094 1587 mulieres,
1123 1530 1323 1591 quippe
1357 1530 1451 1589 qui
1484 1530 1649 1578 sciam
1683 1546 1798 1578 esse
1832 1546 2014 1579 earum

374 1606 530 1654 nobis
576 1605 890 1654 mortalibus
946 1621 1104 1654 usum
1160 1605 1396 1665 aliquem
1451 1606 1827 1654 necessarium.
1874 1606 2014 1654 Amo

374 1683 533 1743 igitur
554 1680 722 1729 fateor
743 1696 754 1739 ;
781 1697 893 1729 non
916 1697 1036 1729 sum
1061 1681 1204 1728 enim
1230 1697 1257 1728 e
1281 1680 1430 1728 silice
1463 1686 1637 1739 natus,
1665 1687 1756 1730 aut
1787 1680 2010 1742 tygride.

377 1758 525 1806 Sicut
548 1755 692 1818 apud
716 1756 1001 1816 Virgilium
1025 1756 1240 1804 AEnaeas
1274 1754 1472 1804 iudicio
1498 1755 1595 1818 [49]
1619 1756 1765 1805 iratae
1791 1757 2011 1814 Didonis,

371 1834 453 1882 vel
494 1832 672 1894 potius
706 1832 880 1889 Didas,
920 1830 1222 1880 secundum
1265 1833 1507 1880 Graecam
1547 1830 1962 1881 declinationem
2001 1849 2012 1880 :

372 1909 558 1970 Sappho
580 1908 812 1969 Sapphffw,
839 1924 933 1969 per
955 1908 1019 1955 us
1043 1906 1465 1956 circumflexum.
1503 1908 1631 1956 Non
1664 1914 1842 1956 autem
1875 1910 2014 1956 Amo

374 1983 671 2034 secundum
726 1982 1136 2032 redundantiam
1187 1983 1497 2044 juvenilem,
1546 1989 1637 2032 aut
1691 1984 1747 2032 in
1804 2000 2015 2033 summo

373 2077 565 2121 genere
594 2076 604 2107 :
631 2058 725 2108 sed
749 2060 813 2120 (si
838 2058 968 2119 quid
993 2076 1091 2120 ego
1124 2058 1362 2120 judicare
1400 2060 1643 2121 possum)
1677 2059 2012 2122 Philosophice.

376 2137 630 2184 Rationes
682 2141 877 2193 autem,
931 2135 1127 2194 quibus
1174 2151 1408 2193 moveor,
1457 2141 1581 2184 sunt
1625 2136 1882 2195 quinque,
1930 2135 2014 2184 vel

372 2212 551 2273 potius
575 2227 683 2259 sex.

435 2289 556 2335 Dro.
586 2287 712 2335 Non
735 2286 891 2335 refert
913 2285 979 2334 de
999 2303 1223 2335 numero
1242 2303 1253 2344 ;
1273 2285 1394 2334 vide
1413 2292 1468 2334 vt
1486 2287 1591 2335 sint
1609 2286 2011 2348 irrefragabiles.

376 2362 482 2412 Sed
503 2361 907 2425 Pythagoricum]
933 2361 1035 2410 hoc
1060 2368 1154 2420 est,
1182 2363 1428 2423 religiose
1451 2361 1495 2409 ἃ
1518 2363 1738 2423 mystice
1762 2379 2016 2412 numeros

374 2438 708 2487 considerare
752 2454 762 2485 :
806 2454 1036 2497 quorum
1076 2436 1296 2498 quidam
1336 2437 1622 2487 duodecim
1662 2455 1849 2488 causas
1884 2439 2014 2500 (tan-

374 2532 538 2576 quam
562 2513 850 2563 duodecim
875 2514 1027 2574 signa
1051 2513 1291 2575 Zodiaci)
1317 2514 1596 2563 aestimant.

435 2593 552 2639 Ped.
597 2590 797 2648 Primo,
846 2590 981 2638 scias
1025 2590 1162 2637 velle
1206 2606 1291 2638 me
1335 2589 1566 2638 foelicem
1601 2607 1715 2639 esse
1758 2589 2005 2652 perfecte,

373 2665 519 2727 quod
544 2666 765 2714 omnino
790 2682 901 2714 non
919 2666 1001 2723 sit,
1024 2664 1227 2725 absque
1245 2664 1349 2714 hoc
1367 2664 1729 2715 additamento
1748 2667 1831 2715 vel
1853 2666 2009 2715 Corol-

375 2743 491 2790 lario
516 2742 709 2790 vxoris.

435 2819 556 2866 Dro.
586 2817 752 2879 Quasi
780 2832 905 2865 vero
938 2816 1103 2864 virtus
1138 2816 1252 2864 sola
1283 2833 1377 2878 per
1410 2833 1465 2865 se
1501 2834 1612 2866 non
1645 2817 1912 2867 sufficiens
1946 2817 2013 2866 sit

375 2893 442 2942 ad
465 2892 868 2942 beatitudinem.
894 2894 964 2940 At
997 2909 1126 2941 vxor
1158 2909 1269 2942 non
1303 2900 1381 2941 est
1412 2894 1578 2942 virtus
1613 2893 1681 2942 ad
1719 2894 2010 2953 minimum,

372 2969 592 3018 fortasse
627 2970 787 3018 etiam
820 2969 1010 3017 vitium
1038 2985 1049 3016 ε
1090 2965 1335 3017 Foemina
1368 2975 1445 3017 est
1483 2978 1684 3018 naturae
1722 2986 1864 3019 error
1897 2971 2011 3019 siue

375 3044 637 3094 debilitas.
664 3045 804 3107 Quia
830 3045 1034 3093 Natura
1058 3061 1267 3106 semper
1285 3044 1510 3094 intendit
1528 3044 1673 3105 quod
1692 3051 1770 3094 est
1791 3045 2009 3107 perfect-

374 3137 466 3169 um
490 3119 533 3167 ἅτ
559 3121 841 3182 optimum.
867 3122 937 3168 At
961 3137 1074 3168 mas
1098 3126 1177 3169 est
1198 3122 1545 3182 praestantior.
1573 3121 1733 3182 Ergo.
1763 3121 1860 3182 [50]

435 3197 556 3244 Ped.
584 3195 852 3255 Secundo,
879 3195 1088 3245 decrevi
1118 3195 1256 3245 aedes
1290 3196 1421 3245 mihi
1456 3213 1762 3258 comparare
1796 3195 1862 3245 de
1895 3213 2012 3258 pro-

370 3272 512 3334 prio,
541 3272 596 3320 in
620 3272 816 3332 quibus
839 3271 1250 3321 mater-familias
1273 3273 1452 3333 aliqua
1482 3289 1592 3322 non
1625 3273 1803 3323 minus
1836 3289 2013 3322 neces-
