2444 4140
248 863 337 914 205

245 1256 338 1291 210

245 1618 335 1668 215

243 2011 334 2046 220

244 2373 334 2423 225

245 2751 336 2800 230

247 3129 336 3177 235

824 401 1134 460 Pedantius
1159 406 1213 460 A
1228 444 1242 459 .
1268 414 1312 458 Ι.
1333 405 1424 460 Sc,
1452 414 1524 457 ΙΙ.
1822 430 1834 447 r
1986 419 2019 474 7

382 561 471 609 lite
495 560 538 607 &
561 576 758 610 amore.
788 560 897 608 Hic
919 559 1176 620 quoniam
1201 560 1530 608 mentionem
1553 557 1780 608 fecimus
1802 561 2015 619 amoris,

382 635 609 685 dicenda
634 636 792 684 etiam
816 651 989 697 pauca
1011 631 1136 684 sunt
1158 634 1224 683 de
1249 651 1428 685 amore
1451 635 1556 683 mei
1582 633 1847 696 Pedantij.
1877 635 2020 684 Nam

382 713 519 761 sicut
556 712 903 760 elementares
937 710 1219 770 qualitates
1251 726 1431 759 amore
1466 709 1734 759 mediante
1773 711 2020 759 commis-

380 793 582 846 centur,
609 787 680 846 ita
702 786 936 834 vicissim
961 786 1050 835 ille
1073 785 1117 833 δε
1140 802 1239 847 ego
1273 802 1372 837 nos
1405 785 1514 836 duo
1544 786 1778 835 amicitia
1801 787 2019 848 conglu-

380 863 630 912 tinamur.
1238 879 1265 887 ·‘
1984 854 1987 855 ⁷

444 938 554 987 Cro.
581 938 730 986 Sicut
761 952 864 998 pus
886 936 930 984 &
956 936 1146 998 pituita
1179 942 1304 986 sunt
1337 935 1576 986 eiusdem
1610 937 1835 998 generis,
1862 937 1938 987 sic
1961 944 2019 988 tu

379 1013 423 1061 &
446 1014 551 1071 ille,
578 1029 674 1062 vos
697 1011 823 1071 duo,
851 1012 976 1060 estis
999 1011 1227 1061 sodales.

439 1089 560 1137 Dro.
589 1089 660 1137 Et
682 1088 819 1137 sicut
841 1086 1044 1136 doleret
1066 1087 1277 1148 aliquis,
1304 1087 1348 1135 si
1372 1104 1571 1148 equum
1595 1105 1754 1138 suum
1777 1090 2017 1139 vetulum

381 1170 631 1225 aegrotare
655 1162 873 1221 videret,
900 1161 1090 1211 eodem
1113 1179 1329 1223 prorsus
1352 1162 1639 1225 modo-ego
1671 1164 1775 1212 iam
1801 1165 2018 1215 contris·
2044 1225 2048 1228 ¹

378 1246 476 1298 tor,
503 1237 650 1299 quod
683 1239 916 1288 amicum
950 1254 1131 1287 meum
1171 1244 1402 1287 veterem
1441 1238 1602 1287 audio
1642 1251 1855 1295 amared
1875 1240 2018 1290 Nam

380 1315 517 1364 sicut
540 1314 810 1375 aegrotatio
834 1313 1067 1363 efficiens
1101 1319 1180 1362 est
1211 1314 1396 1362 mortis
1429 1314 1485 1362 in
1509 1330 1745 1377 corpore,
1772 1316 1848 1364 sic
1870 1331 2020 1365 amor

380 1391 538 1440 efficit
560 1389 834 1451 quoddam
857 1390 1012 1450 quasi
1045 1388 1344 1449 deliquium
1379 1390 1573 1439 animae
1594 1391 1885 1440 rationalis.
1913 1390 2019 1439 Sed

379 1467 516 1515 sicut
531 1465 792 1527 sapientis
815 1471 894 1513 est
912 1465 1192 1526 'aegrotanti
1216 1464 1425 1513 caballo
1444 1460 1836 1527 suo³potionem
1858 1466 1982 1515 dare
2004 1483 2016 1514 ε

378 1540 524 1591 haud
563 1557 718 1590 secus
751 1557 931 1589 meum
966 1546 1043 1589 est
1077 1541 1251 1589 amico
1284 1540 1553 1601 amatoriJ’s
1579 1540 1675 1602 [13]
1699 1541 2019 1592 torminibus

379 1623 516 1665 torto
540 1616 747 1677 consilij
774 1616 879 1664 mei
897 1622 1230 1676 vnguentum
1254 1615 1539 1677 porrigere.
1563 1616 1704 1678 Quia
1727 1617 1863 1666 sicut
1880 1633 2018 1666 cere·

377 1692 534 1741 brum
574 1691 758 1740 datum
799 1697 878 1740 est
916 1708 946 1739 a
985 1697 1174 1740 natura
1211 1690 1279 1739 ad
1323 1690 1742 1752 refrigerandum
1787 1692 2019 1742 calorem

377 1767 552 1817 cordis
600 1784 610 1815 :
658 1767 899 1815 similiter
934 1783 1042 1815 vnos
1085 1765 1349 1816 cerebrosi
1387 1766 1695 1828 philosophi
1739 1768 2020 1818 viscerales

377 1844 504 1892 istas
545 1842 994 1892 inflammationes
1037 1843 1334 1892 amicorum
1379 1848 1700 1901 nostrorum,
1743 1842 2018 1906 superfun-

377 1918 555 1968 dendo
586 1919 851 1979 liquorem
886 1919 1177 1981 sapientiae,
1202 1916 1544 1967 rarefacimus
1577 1918 1835 1980 paulatim
1865 1917 1909 1966 δε
1931 1917 2018 1968 dc·

377 1995 659 2043 bellamus.
687 1993 794 2042 Sed
817 1994 954 2042 sicut
976 1993 1110 2043 nihil
1135 1994 1281 2042 iuvat
1302 1993 1497 2053 habere
1520 1994 1887 2056 pharmacum,
1915 1994 2019 2043 nisi

378 2071 673 2132 applicetur
706 2075 920 2130 aegroto,
955 2070 1026 2118 ita
1059 2086 1159 2118 nec
1191 2068 1443 2131 prodesse
1477 2086 1712 2131 possum>
1734 2068 2015 2131 Pedantio,

375 2146 478 2194 nisi
501 2145 704 2195 fruatur
738 2145 827 2194 ille
859 2144 1127 2207 consorstio
1161 2161 1301 2194 meo.
1331 2144 1556 2204 IdcircO,
1582 2145 1721 2194 sicut
1751 2161 2018 2208 expansus

378 2222 475 2270 iste
499 2238 604 2280 aer,
631 2220 699 2270 ad
722 2220 1042 2270 seruandam
1062 2220 1468 2271 continuitatem
1492 2237 1668 2270 rerum
1693 2221 1749 2270 in
1771 2221 2018 2271 concaui·

376 2296 573 2346 tatibus
607 2297 854 2355 locorum,
881 2295 925 2344 &
958 2295 1026 2345 ad
1059 2295 1475 2346 destructionem
1510 2285 1668 2357 vacui
1699 2296 2014 2356 extenditur,

378 2372 420 2419 &
443 2378 756 2421 extenuatur
773 2389 896 2421 cum
916 2372 1254 2433 elongatione
1277 2373 1518 2437 essentiae
1540 2388 1651 2422 suae
1672 2371 1850 2422 :haud
1868 2372 2019 2421 aliter

380 2464 496 2509 ego,
533 2452 588 2496 vt
625 2464 655 2496 a
689 2447 904 2496 cerebro
939 2447 1097 2496 amici
1131 2448 1236 2496 mei
1274 2464 1504 2497 vacuum
1544 2448 1658 2498 siue
1696 2448 2015 2498 vacuitatem

379 2523 690 2572 amatoriam
722 2523 1032 2584 impletione
1062 2522 1371 2572 solidissimi
1395 2523 1500 2571 mei
1523 2523 1730 2584 consilij
1754 2522 2013 2586 fugarem,

375 2599 484 2648 huc
517 2599 623 2647 iam
656 2614 967 2660 progressus
1006 2615 1143 2658 sum,
1169 2597 1213 2646 δε
1244 2604 1500 2659 tanquam
1540 2599 1821 2659 'elongatus
1858 2614 2018 2660 super

377 2674 478 2723 hac
502 2673 781 2735 superficie
814 2673 974 2723 trium
1009 2673 1314 2732 miliarium,
1341 2689 1449 2734 quo
1482 2673 1652 2734 spatio
1676 2674 2017 2722 continentur

378 2750 475 2798 tria
535 2750 702 2798 millia
756 2765 1014 2811 passuum
1068 2749 1529 2810 geometricorum.
1588 2749 1760 2810 Perge
1815 2748 2013 2810 itaque,

378 2826 557 2873 anima
600 2841 735 2883 mea,
784 2829 925 2886 (quae
967 2824 1291 2886 principium
1331 2829 1507 2873 motus
1552 2823 1629 2883 es)
1673 2839 1867 2886 corpus
1911 2823 2017 2873 hoc

379 2901 690 2962 organicum
716 2917 876 2950 moue
901 2916 1084 2962 ocyus.
1113 2899 1210 2961 [14]

441 2977 550 3025 Cro.
579 2977 696 3037 Ego
720 2991 844 3025 vero
867 2993 1087 3038 possum
1112 2976 1268 3037 corijs
1291 2975 1508 3024 bubulis
1532 2992 1725 3036 corpus
1758 2975 1854 3023 tibi
1878 2991 2014 3024 com-

380 3068 595 3100 mouere
620 3053 724 3100 iam
749 3053 1048 3101 animaliter
1070 3051 1262 3111 satis&
1286 3051 1551 3112 organice.

440 3129 560 3176 Dro.
578 3126 683 3176 Sed
703 3144 889 3176 eccum
902 3126 1281 3189 percommode
1295 3143 1456 3187 quem
1470 3127 1767 3188 percontari
1780 3143 2012 3188 possem.

324 3258 328 3263 .
382 3203 537 3252 Heu—s
576 3202 903 3263 adolescens,
946 3219 1127 3263 quaeso
1167 3201 1413 3264 nunquid
1452 3201 1628 3251 vidisti
1667 3202 1755 3265 hic
1792 3218 2017 3264 vsquam
