2444 4140
767 438 1076 494 Pedantius
1101 441 1152 494 A
1169 482 1180 494 .
1208 451 1279 492 ΙΙ.
1302 441 1391 494 Se.
1420 450 1517 494 IV.
1934 442 2001 493 33

363 594 451 643 hic
479 592 608 654 quid
642 594 724 652 sit,
750 594 834 642 vel
869 610 952 642 ars
986 599 1165 642 nostra
1190 594 1286 655 [64]
1312 592 1442 653 quid
1475 593 1660 655 possit,
1685 593 1881 655 putas?
1912 592 2000 641 hic
2034 618 2060 651 ρ,

203 671 320 719 1135
364 683 534 718 vanus
557 675 649 726 est,
677 669 765 718 hic
790 669 1072 718 Narcissus
1106 676 1199 727 est,
1227 670 1308 718 sui
1332 668 1619 718 admirator
1642 668 1996 730 inexplebilis.

366 747 501 794 Cum
542 761 666 805 ergo
706 743 930 794 audierit
965 745 1221 793 Leonidam
1260 745 1316 793 in
1354 745 1556 794 honore
1598 744 1641 792 δε
1679 745 1846 806 gratia
1884 760 1998 792 esse

364 820 507 882 apud
544 821 764 881 Regem,
803 819 1142 880 eundemque
1177 820 1486 878 obtinuisse,
1540 827 1598 869 ut
1639 820 1862 881 Regiam
1904 820 1999 867 iste

362 898 568 958 prolem
614 895 834 954 erudiat,
882 896 1050 953 laetus,
1097 896 1362 957 gloriosus
1409 896 1564 945 facile
1610 895 1804 954 credet,
1852 894 1999 955 quod

364 973 509 1033 cupit
557 988 567 1019 :
616 972 826 1021 nullum
870 970 1075 1030 dolum,
1122 972 1298 1020 nullas
1341 971 1578 1021 fallacias
1623 971 1998 1033 suspicabitur.

204 1063 323 1109 1140
365 1048 599 1108 Accinge
618 1048 728 1109 jam
753 1047 930 1107 itaque
953 1053 1022 1095 te.
1204 1112 1209 1114 ⁷

428 1124 544 1184 Tyr.
572 1124 640 1171 At
663 1127 843 1171 metuo
867 1123 1022 1180 male,
1050 1139 1118 1171 ne
1140 1123 1328 1183 viginti
1352 1123 1541 1181 minas,
1569 1139 1702 1183 quas
1725 1123 1992 1180 volumus,

361 1198 655 1247 crediturus
678 1197 803 1247 fidei
827 1213 960 1246 meae
982 1214 1092 1246 non
1115 1198 1198 1256 sit,
1225 1216 1348 1247 cum
1382 1199 1628 1259 cognitus
1651 1199 1699 1247 ei
1721 1197 1995 1258 haudqua-

363 1291 525 1334 quam
549 1275 650 1322 sim
678 1291 688 1322 :
716 1273 759 1321 &
783 1279 921 1322 certe
945 1275 989 1322 si
1013 1280 1271 1332 nosceret,
1298 1290 1640 1334 nequaquam
1664 1272 1915 1322 crederet.

425 1351 534 1398 Cra.
562 1349 698 1408 Vah,
725 1349 815 1399 ubi
852 1355 930 1398 est
963 1366 1190 1398 acumen
1223 1350 1414 1399 tuum?
1446 1350 1600 1410 quasi
1638 1350 1721 1398 vel
1756 1349 1882 1397 velit
1914 1349 1998 1397 vel

204 1426 319 1487 1145
364 1425 556 1475 audeat
589 1442 798 1486 negare,
836 1424 983 1485 quod
1019 1424 1276 1474 Leonidae
1307 1426 1606 1487 postulatur
1644 1425 1879 1474 nomine.
1918 1423 1994 1472 Te

362 1518 486 1550 vero
512 1501 758 1550 indutum
782 1500 884 1550 hac
905 1501 1086 1550 tunica
1104 1501 1343 1550 satellitis
1366 1501 1511 1562 regij,
1534 1500 1576 1548 ἃ
1600 1500 1705 1549 fide
1729 1500 1772 1547 &
1795 1500 1996 1548 honore

360 1577 733 1638 dignissimum
753 1575 1029 1638 judicabit.
1057 1577 1114 1624 Si
1147 1593 1258 1624 non
1292 1576 1600 1634 obtinueris,
1627 1575 1760 1624 nihil
1784 1575 1991 1637 pericli,

362 1653 443 1700 sin
467 1651 707 1713 adeptus,
734 1652 997 1713 particeps
1019 1650 1213 1713 praedae
1236 1652 1355 1700 eris.
1383 1652 1483 1700 Eia
1506 1652 1681 1712 igitur,
1708 1667 1823 1712 age.

427 1729 543 1790 Tyr.
561 1728 617 1776 Si
634 1728 719 1776 vel
739 1727 928 1775 viderit
941 1727 1105 1775 semel
1125 1743 1301 1775 mores
1319 1743 1468 1775 meos
1480 1733 1748 1784 venustos,
1762 1743 1995 1775 sermon·

201 1803 318 1852 1150
362 1804 405 1851 is
444 1802 984 1864 grandiloquentiam,
1026 1808 1235 1863 gestum
1270 1803 1506 1864 corporis
1539 1801 1867 1860 athleticum,
1895 1801 1992 1862 [65]

358 1880 565 1928 vultum
601 1896 710 1927 non
741 1868 1087 1927 macilentum
1111 1878 1154 1926 δε
1177 1885 1534 1937 veternosum,
1561 1877 1655 1926 sed
1677 1876 1928 1926 floridum
1951 1876 1995 1924 &

359 1956 633 2016 pinguem,
655 1954 1044 2016 corpulentiam
1078 1955 1233 2003 istam
1269 1955 1608 2012 ventriosam,
1639 1952 1996 2016 proculdubio

357 2030 614 2092 principis
637 2030 694 2078 in
717 2030 840 2079 aula
863 2046 948 2078 me
972 2030 1229 2079 nutritum
1254 2029 1518 2090 coniiciet.

421 2106 530 2154 Cr0.
570 2106 678 2154 Fac
718 2111 778 2154 ut
816 2105 1007 2154 sentiat
1045 2111 1095 2154 te
1135 2106 1371 2154 aulicum
1411 2122 1525 2154 esse
1565 2121 1762 2164 revera,
1798 2105 1995 2153 salutes

198 2182 314 2230 1155
362 2181 635 2230 hominem
670 2180 951 2239 submisse,
989 2187 1206 2230 curvato
1241 2197 1478 2242 corpore,
1522 2180 1651 2229 tibia
1683 2181 1845 2229 altera
1877 2196 1994 2242 por·

359 2263 500 2305 recta
532 2262 817 2305 retrorsum
851 2257 1181 2317 longissime,
1206 2257 1369 2318 pleno
1404 2273 1527 2305 cum
1562 2256 1846 2318 complexu
1879 2255 1993 2304 bra-

359 2332 601 2382 chiorum
641 2333 932 2394 compelles
966 2331 1507 2393 magnificentissime,
1544 2332 1820 2393 promittas
1853 2348 1992 2380 surn-

358 2425 474 2456 mos
513 2424 756 2468 quosque
794 2406 1042 2466 honores,
1085 2406 1258 2456 donec
1298 2408 1353 2456 in
1398 2407 1663 2456 officinam
1702 2405 1993 2468 perductus

357 2482 606 2533 fraudum
624 2489 852 2542 tuarum,
875 2500 903 2531 e
921 2481 1040 2532 rudi
1064 2483 1280 2531 metallo
1305 2483 1360 2531 in
1383 2499 1667 2532 nummum
1690 2482 1989 2543 legitimum

174 2560 316 2609 '1160
360 2558 600 2608 cudatur.

424 2636 541 2697 Tyr.
586 2633 827 2684 Incidisti
857 2634 913 2682 in
945 2633 1219 2682 hominem
1254 2634 1662 2695 capacissimum
1696 2631 1991 2695 disciplinae

357 2710 536 2773 hujus.
576 2711 851 2759 Veterator
890 2715 981 2758 aut
1019 2709 1360 2771 Sycophanta
1404 2725 1489 2757 me
1533 2725 1692 2757 nemo
1731 2707 1935 2757 doctior
1976 2724 1988 2756 :

359 2787 516 2848 gestit
532 2786 643 2848 jam
667 2786 878 2835 animus
901 2802 1052 2834 meus
1076 2784 1207 2833 mihi
1230 2783 1445 2845 aggredi
1468 2783 1760 2832 hominem.

423 2863 532 2910 Cro.
650 2862 788 2914 cilex
814 2861 823 2870 '
870 2860 880 2878 '
903 2866 959 2910 tu
991 2877 1100 2909 non
1130 2858 1467 2908 revelandam
1500 2858 1639 2908 hanc
1672 2864 1836 2907 artem
1869 2875 1988 2907 nos-

201 2938 315 2986 1165
361 2943 495 2986 tram
519 2862 890 3061 Q
911 2937 929 2984 ?
952 2935 1271 2984 extrahenda
1295 2941 1372 2984 est
1395 2935 1443 2983 ei
1466 2935 1651 2995 quinta
1674 2934 1917 2983 essentia.

425 3015 542 3062 Tra.
560 3013 656 3061 S1n
797 3011 884 3070 do,
902 3028 1000 3073 ego
1020 3029 1142 3061 eum
1161 3010 1395 3060 tractabo
1414 3015 1582 3059 astute
1600 3009 1984 3071 &Alchymice.

422 3089 531 3137 Cro.
562 3088 763 3150 Incipe,
790 3086 857 3136 ad
881 3087 1179 3149 appositum
1202 3103 1212 3134 ε
1240 3087 1432 3135 ostium
1456 3091 1615 3147 patet,
1642 3085 1826 3133 invitat
1849 3085 1986 3134 ultro

358 3170 408 3212 te
449 3162 641 3213 domus
680 3164 828 3224 ipsa;
868 3169 925 3212 tu
961 3162 1057 3224 [66]
1097 3162 1180 3212 fac
1218 3168 1272 3210 vt
1311 3161 1605 3210 Dominum
1644 3159 1789 3209 hunc
1827 3176 1985 3210 suum

280 3288 286 3293 ,
362 3238 758 3300 supposititium
783 3244 994 3287 evomat
1017 3238 1159 3287 illico
1188 3254 1198 3285 :
1226 3253 1323 3299 ego
1358 3242 1408 3285 te
1441 3235 1586 3285 domi
1610 3251 1742 3285 meae
1763 3234 1987 3298 hospitis

196 3326 314 3376 1170
355 3313 662 3376 expectabo.
