2444 4140
354 142 455 197 150

571 296 857 344 nominibus
873 296 1180 341 heteroclitis
1197 311 1223 335 2>
1239 296 1508 341 contained
1522 299 1574 342 in
1585 296 1671 342 W.
1685 297 1841 354 Lily’s
1857 298 1927 343 De
1943 298 2200 345 Latinorum
2214 299 2343 345 nomi-

569 382 674 414 num
688 366 934 423 generibus,
959 366 1113 410 Basil.
1141 372 1262 419 1532,
1286 381 1332 422 p.
1359 373 1426 411 26.

516 436 607 494 Cp.
633 437 857 493 Harvey,
879 436 1055 480 Pierces
1075 436 1453 492 supererogation,
1477 435 1555 481 ed.
1578 434 1805 490 Grosart‚
1830 436 1896 482 II.
1921 441 1971 492 75
1997 451 2007 482 t
2029 437 2109 483 his
2139 437 2340 494 gibinge

572 512 623 550 at
644 506 913 550 Heauen...
935 503 1058 548 with
1079 519 1108 549 a
1139 505 1300 560 deepe
1332 510 1414 549 cut
1444 510 1530 549 out
1558 505 1614 550 of
1638 504 1717 550 his
1749 504 1959 551 Gramer
1988 506 2122 550 rules
2157 519 2166 548 ε
2198 508 2342 552 Astra

563 578 668 630 petit
687 575 886 619 disertus.

349 649 498 686 2610
528 645 680 688 S.S.P
696 644 768 688 Ρ...
792 645 959 690 S.S.P.
983 644 1044 696 (P
1066 650 1183 698 text,
1205 645 1358 689 S.S.P
1374 644 1445 689 Ρ...
1469 645 1647 696 855.)
1676 649 1822 703 nempe
1850 644 1970 691 binos
1998 648 2217 692 coronatos
2245 659 2341 691 cum

570 714 760 758 diwz‘dio.
784 713 891 758 The
914 714 1085 758 letters
1108 722 1365 771 represent
1386 714 1471 758 the
1498 714 1687 759 tailor’s
1716 717 1911 772 private
1940 714 2338 772 pricing-marks.

571 782 682 828 One
703 783 874 827 would
896 788 1074 840 expect
1093 784 1201 828 that
1219 788 1321 827 two
1345 797 1540 827 crowns
1564 783 1663 828 and
1691 798 1721 828 a
1749 783 1859 829 half
1882 783 2053 829 would
2082 783 2146 830 be
2175 798 2340 840 repre-

570 852 748 898 sented
768 852 935 897 rather
954 851 1022 909 by
1042 852 1198 898 S.S.P
1220 853 1342 897 than
1363 852 1527 898 S.S.S.

515 922 606 976 Cp.
630 922 715 966 W.
749 922 979 979 Rowley,
1002 925 1043 967 A
1078 938 1167 968 new
1197 923 1382 974 wonder,
1407 923 1444 967 Ι.
1474 941 1490 967 1
1518 938 1527 967 z
1553 924 1682 967 Rich.
1708 923 1850 968 Read
1870 924 1956 968 the
1976 938 2121 979 gross
2153 938 2263 969 sum
2292 923 2347 969 of

566 1006 694 1050 your
710 991 869 1037 broad
885 991 1064 1037 cloths.
1078 993 1258 1048 George.
1275 1001 1327 1037 68
1345 996 1515 1048 pieces
1533 999 1583 1036 at
1601 994 1657 1047 B,
1672 1007 1722 1038 ss
1740 993 1839 1038 and
1854 993 1871 1037 l
1891 1005 1901 1035 :
1922 999 1972 1049 57
1990 998 2041 1038 at
2055 993 2090 1048 1,
2106 1007 2158 1039 ss
2177 993 2276 1039 and
2292 1007 2339 1039 o.

514 1062 563 1107 Is
585 1076 611 1101 «
626 1060 662 1107 S
678 1076 704 1100 »
725 1060 800 1106 for
821 1061 1029 1107 Scutum
1049 1063 1209 1114 (ecu)?

345 1136 495 1174 2612
525 1131 642 1177 obulo
663 1136 948 1188 represents
974 1136 1042 1184 1l2
1064 1131 1111 1176 d.

341 1204 490 1243 2615
521 1204 631 1247 sorte
650 1215 732 1246 sua
751 1215 870 1247 nemo
891 1204 1120 1247 contentus.

508 1270 600 1329 Cp.
625 1270 751 1316 Hor.
774 1271 870 1316 Sat.
896 1271 934 1315 I.
962 1288 999 1315 1.
1026 1277 1110 1316 1-3.

342 1346 493 1383 2618
527 1341 773 1386 ditiorem...
797 1341 976 1387 Crasso.

509 1409 601 1466 Cp.
634 1410 765 1456 Plut.
799 1413 887 1456 Vct.
920 1411 1092 1464 Crassi,
1125 1410 1224 1455 and
1258 1410 1419 1455 Aldus
1444 1411 1717 1465 Manutius,
1742 1412 1938 1457 Phrases
1958 1413 2144 1467 Latina,
2172 1414 2337 1458 Lond.

571 1486 677 1535 1579
701 1495 711 1525 ε
736 1479 952 1526 Crassus
977 1481 1149 1525 Romae
1171 1479 1236 1525 ob
1258 1484 1521 1525 auaritiam
1540 1481 1671 1526 male
1694 1479 1944 1526 audiebat.

348 1554 491 1591 2627
523 1550 643 1595 Galli
655 1554 738 1607 per
757 1550 905 1596 dumos
924 1550 1121 1600 aderant,
1145 1564 1366 1606 arcemque
1386 1550 1592 1596 tenebant.

511 1619 663 1677 Verg.
686 1622 801 1665 Aen.
825 1619 970 1665 VIII.
994 1624 1090 1674 657.

346 1694 490 1730 2628
521 1689 885 1735 Commemorat...
908 1689 1111 1735 Cicero...
1134 1689 1194 1734 ali
1212 1689 1353 1734 solitos
1372 1691 1420 1734 in
1440 1690 1649 1746 Capitolio
1669 1704 1856 1735 anseres.

513 1758 618 1805 Cic.
635 1763 719 1815 pro
740 1761 873 1804 Rosc.
895 1761 1004 1805 Am.
1027 1759 1134 1804 XX.
1166 1763 1234 1804 56.

345 1833 490 1870 2630
519 1831 709 1875 Anseris
729 1833 767 1873 et
786 1832 923 1873 tutum
942 1842 1035 1873 voce
1041 1828 1187 1884 fuisse
1206 1830 1364 1875 Iovem.

513 1898 742 1956 Propert.
767 1898 853 1941 IV.
879 1905 918 1943 3.
941 1914 1007 1944 12.

346 1973 491 2009 2631
526 1969 619 2013 nolo
639 1982 813 2014 anseres
833 1971 926 2013 tuos
948 1982 963 2013 .·
986 1967 1051 2012 «Ι
1076 1967 1196 2013 dont
1216 1967 1316 2012 like
1340 1982 1467 2026 your
1489 1983 1712 2014 answers
1730 1985 1770 2012 2).

345 2042 492 2078 2637
525 2038 661 2093 legere
682 2039 735 2083 (ἓν
755 2052 840 2082 uon
858 2038 1092 2093 intelligere
1111 2037 1326 2092 negligere
1346 2041 1419 2083 est.

518 2106 727 2152 Preface
748 2112 800 2152 to
822 2106 988 2152 Cato’s
1021 2108 1235 2164 Distycha
1267 2121 1282 2152 .·
1316 2107 1465 2152 Nunc
1496 2113 1544 2152 te
1573 2108 1642 2152 fili
1674 2108 1968 2155 charissime
1999 2108 2208 2165 docebo,
2242 2124 2341 2167 quo

569 2182 719 2234 pacto
741 2191 906 2221 mores
935 2180 1086 2220 animi
1108 2180 1178 2221 tui
1201 2191 1494 2234 componas,
1518 2181 1666 2235 igitur
1687 2184 1941 2236 praecepta
1961 2194 2074 2225 mea
2101 2183 2172 2225 ita
2201 2179 2341 2237 legas

567 2252 620 2290 vt
640 2246 908 2303 intelligas.
934 2246 1130 2303 Legere
1153 2249 1286 2291 enim
1307 2247 1346 2291 &
1366 2261 1469 2291 non
1490 2247 1785 2304 intelligere,
1809 2250 2063 2306 negligere
2086 2255 2177 2294 est.

513 2315 714 2375 Quoted
734 2317 844 2361 also
865 2320 916 2360 in
937 2318 1052 2361 How
1073 2331 1100 2359 a
1119 2330 1223 2361 man
1244 2331 1342 2373 may
1362 2318 1505 2362 choose
1525 2333 1552 2361 a
1567 2318 1681 2372 good
1699 2317 1794 2374 wife
1797 2317 1926 2374 from
1946 2334 1972 2362 a
1994 2318 2090 2373 bad,
2113 2318 2175 2364 V.
2200 2325 2240 2364 3.

511 2385 601 2442 Cp.
616 2385 887 2430 Fraunce's
899 2386 1109 2439 Victoria,
1127 2386 1164 2429 I.
1185 2392 1224 2430 3.
1247 2402 1324 2443 124
1345 2398 1353 2427 :
1374 2387 1804 2444 praeceptorlegit,
1823 2401 1914 2433 vos
1932 2401 2050 2433 vero
2067 2388 2338 2445 negligitiS.

343 2459 489 2496 2639
520 2457 741 2501 versari...
762 2470 897 2501 manu
917 2456 1080 2500 diurna
1103 2458 1410 2511 nocturnaque.

510 2526 635 2570 Hor.
677 2527 775 2570 Ars
810 2527 930 2571 Poet.
967 2533 1047 2572 268
1091 2537 1101 2567 ε
1142 2539 1233 2570 vos
1276 2526 1582 2581 exemplaria
1617 2526 1797 2572 Graeca
1837 2526 2100 2572 Nocturna
2139 2531 2338 2572 versate

566 2609 733 2645 manu,
757 2601 954 2639 versate
983 2594 1176 2639 diurna.

349 2668 493 2705 2641
528 2664 681 2710 scm’bz's
701 2666 828 2721 quasi
848 2665 1037 2720 scalpens
1055 2664 1239 2720 gallina.

511 2733 600 2792 Cp.
628 2734 793 2780 Plaut.
815 2734 980 2779 Pseud.
1004 2734 1043 2778 I.
1071 2750 1108 2779 1.
1133 2749 1183 2789 27
1210 2745 1219 2775 ε
1243 2734 1341 2788 An,
1365 2733 1578 2779 obsecro
1598 2734 1785 2789 hercle,
1808 2733 1996 2780 habent
2018 2748 2218 2791 quoque
2233 2735 2340 2791 gal-

567 2805 683 2849 linae
703 2818 882 2849 manus
901 2807 916 2848 Ρ
938 2803 1073 2849 Nam
1092 2804 1183 2848 has
1207 2803 1409 2860 quidem
1429 2804 1618 2860 gallina
1639 2808 1853 2860 scripsit.

346 2876 490 2914 2646
519 2874 627 2918 Non
647 2875 791 2919 omnia
809 2878 1034 2929 possumus
1053 2888 1211 2918 omnes.

512 2943 663 3000 Verg.
685 2946 801 2989 Aen.
825 2943 970 2988 VIII.
994 2952 1063 3001 64.

345 3016 489 3054 2654
519 3014 759 3058 Simonides
778 3014 878 3058 in...
901 3016 1127 3069 quastione
1146 3014 1375 3058 Hieronis.

509 3081 615 3128 Cic.
638 3085 709 3128 De
729 3085 840 3129 Nat.
863 3084 999 3128 Deor.
1025 3083 1063 3127 Ι.
1089 3098 1156 3128 22.
1180 3090 1249 3128 60.
2428 3134 2444 3144 ,Ι

343 3155 487 3192 2664
517 3153 681 3198 Scite...
705 3153 853 3198 Cicero
876 3167 891 3197 .·
913 3154 1001 3197 Est
1014 3153 1123 3197 illud
1138 3153 1277 3197 animi
1295 3153 1490 3208 ingenui,
1514 3153 1584 3208 cuj
1602 3152 1782 3198 mullum
1802 3150 1936 3206 debeS,
1952 3152 2083 3198 eidem
2095 3152 2331 3209 plurimum
2419 3188 2439 3211 e,

565 3222 664 3267 velle
684 3222 843 3267 debere.
2414 3239 2420 3246 “

512 3290 615 3336 Cic.
638 3293 719 3337 Ad
735 3294 867 3337 Fam.
893 3291 960 3336 ΙΙ.
983 3299 1024 3337 6.

343 3362 492 3400 2666
521 3374 573 3404 ne
591 3361 725 3407 latum
747 3363 914 3418 quidem
933 3376 1121 3416 unguem
1141 3361 1365 3408 descedere.

511 3429 673 3475 Plaut.
692 3432 800 3477 Aul.
826 3431 864 3476 I.
898 3449 936 3476 1.
971 3438 1054 3476 18.
1081 3434 1157 3475 si..
1165 3430 1417 3486 .digitum
1446 3435 1786 3476 transversum
1816 3437 1901 3475 aut
1930 3443 2148 3486 unguem
2177 3430 2335 3475 latum
2379 3409 2438 3475 ’ἢ

567 3504 860 3545 CXCCSSCI‘IS·

346 3571 488 3609 2667
522 3569 682 3613 Omnia
702 3573 863 3626 tempus
884 3569 1050 3615 habent.

512 3638 853 3693 Ecclesiasticus,
878 3639 971 3683 III.
998 3656 1035 3684 1.
1060 3638 1310 3695 (Vulgate)
1335 3653 1344 3683 z
1369 3641 1537 3684 omnia
1551 3644 1749 3694 tempus
1765 3638 1953 3684 habent
1969 3643 2018 3684 et
2034 3642 2136 3684 suis
2154 3640 2330 3695 spatiis

569 3711 828 3752 transeunt
848 3712 1084 3754 universa
1105 3707 1198 3754 sub
1220 3709 1380 3755 coelo.
