2444 4140
394 754 511 803 1385

385 1137 513 1198 1390

391 1519 508 1581 1395

391 1919 511 1965 1400

390 2289 508 2350 1405

391 2791 511 2839 1410

394 3284 511 3347 1415

571 387 640 440 40
996 366 1310 422 Pedantius
1334 368 1414 422 Α.
1443 377 1547 423 ΙΙΙ.
1575 368 1669 422 Sc.
1704 377 1761 420 V.

615 525 738 585 Pog.
768 522 1015 572 Hoccine
1043 522 1327 583 praemium
1362 528 1441 571 est
1469 522 1710 572 honestae
1732 523 1871 581 vitae‚
1899 524 1978 572 sic
2003 524 2214 573 immer-

556 600 630 649 ito
655 605 965 661 suspectum
1002 597 1226 647 haberi?
1260 599 1316 647 Si
1350 599 1642 648 voluissem
1675 615 1774 660 ego
1808 616 1903 661 per
1935 599 2149 649 fraudes
2172 600 2216 648 &

556 676 775 726 iniurias
801 692 1055 734 crescere,
1082 692 1194 724 non
1219 675 1291 724 ita
1314 676 1544 724 tenuiter
1567 693 1713 725 nunc
1738 675 1989 725 viverem.

621 753 731 802 Cro·
760 752 816 800 Si
852 751 983 812 quid
1016 751 1144 801 huic
1175 751 1478 801 intentabas
1501 752 1648 811 mali,
1676 751 1730 801 id
1765 753 1820 801 in
1854 769 1940 801 me
1975 752 2211 803 machin—

556 836 676 878 atus
700 845 774 877 es,

622 906 740 968 Tyr.
770 904 933 967 Quod
958 905 1181 966 ignosco
1199 905 1311 967 jam
1335 904 1450 964 tibi,
1476 905 1605 954 huic
1629 911 1910 967 acceptum
1936 905 2149 955 referas.

616 983 739 1044 Pog.
783 982 902 1042 Ego
948 981 1036 1030 vix
1079 981 1176 1030 tibi
1226 998 1450 1044 possum
1500 981 1802 1043 ignoscere,
1852 982 1923 1030 ita
1969 999 2212 1044 perverse

554 1059 808 1107 restitisti.
838 1057 936 1121 [79]

621 1136 739 1198 Tyr.
768 1134 875 1184 Sed
910 1152 1043 1184 caue
1080 1134 1336 1197 deinceps
1371 1135 1501 1184 istos
1535 1136 1808 1184 aculeatos
1837 1135 2010 1197 jocos,
2037 1134 2213 1184 viden’

554 1228 867 1261 crumenam
891 1211 1033 1261 hanc
1057 1229 1233 1261 meam
1259 1212 1444 1273 (quam
1469 1211 1639 1272 amas)
1665 1218 1723 1261 ut
1741 1229 1768 1261 e
1793 1211 1961 1262 fibula
1979 1211 2215 1274 pendeat

554 1305 701 1337 more
725 1288 949 1337 latronis
969 1289 987 1336 ?

615 1366 737 1427 Pog.
789 1365 1040 1414 Latronis
1085 1365 1251 1414 vero?
1295 1381 1480 1425 quaeso
1537 1366 1698 1426 igitur
1751 1364 1984 1426 gaudeat
2039 1365 2213 1414 simile

554 1442 717 1490 simili
742 1440 1007 1503 (Aedepol
1044 1442 1118 1490 ita
1153 1458 1272 1490 earn
1307 1458 1448 1500 amo,
1475 1447 1535 1491 ut
1568 1442 1653 1490 vel
1689 1458 1717 1490 e
1750 1448 1887 1491 reste
1921 1441 2213 1504 penderem

554 1519 668 1580 ejus
693 1518 875 1580 causa)
899 1524 1079 1580 patere
1103 1535 1293 1580 precor
1315 1524 1371 1567 vt
1394 1519 1565 1568 cultro
1591 1534 1711 1566 meo
1737 1535 1855 1567 eam
1880 1518 1984 1567 hoc
2008 1519 2214 1568 solvam

555 1595 867 1657 suspendio.

619 1673 738 1735 Tyr.
758 1671 1095 1721 Beneficium
1113 1678 1268 1721 tuum
1289 1673 1429 1721 male
1449 1671 1760 1730 collocabis,
1777 1671 1820 1719 &
1842 1672 1898 1720 in
1917 1673 2212 1734 ingratum3

553 1766 680 1798 nam
721 1750 765 1797 si
804 1755 862 1798 tu
902 1766 1020 1798 eam
1061 1748 1384 1811 praecideris,
1428 1765 1496 1797 ne
1535 1748 1785 1810 pendeat,
1830 1748 1989 1798 faciet
2028 1750 2119 1798 illa
2162 1755 2214 1798 te

553 1826 816 1888 pensilem
842 1832 1141 1888 propterea.

619 1903 730 1951 Cro.
759 1903 906 1951 Satio
926 1903 1038 1964 jam
1074 1903 1130 1951 in
1161 1908 1445 1963 utramque
1479 1907 1687 1964 partem
1717 1918 1726 1949 :
1755 1901 1839 1951 Tu
1863 1903 2093 1951 retineas
2115 1902 2213 1951 tibi

555 1979 659 2029 hoc
699 1979 960 2040 quicquid
995 1985 1075 2028 est
1108 1995 1476 2037 nummorum,
1515 1978 1609 2027 sed
1644 1978 1863 2028 audin'?
1896 1995 1996 2027 nec
2031 1996 2210 2037 omne,

555 2073 655 2106 nec
678 2057 843 2116 solus,
871 2073 971 2105 nec
996 2072 1208 2118 semper
1230 2072 1241 2115 ;
1267 2062 1318 2104 te
1344 2061 1524 2104 autem
1556 2055 1845 2104 tortoi‘ibus
1868 2054 1912 2102 δε
1935 2055 2213 2105 lictoribus

553 2132 760 2182 tradam
802 2133 953 2192 meis,
998 2133 1218 2194 egestati
1264 2132 1521 2186 nimirum
1568 2131 1611 2179 &
1649 2132 1886 2191 ieiunio3
1935 2138 1994 2181 ut
2037 2131 2212 2181 discas

553 2210 809 2272 deinceps
849 2210 1188 2259 continentes
1227 2208 1425 2258 habere
1471 2207 1686 2270 digitos.
1730 2208 1826 2267 Te,
1870 2208 2209 2270 Tyrophage‚

554 2304 665 2336 non
688 2304 911 2349 possum
945 2287 1022 2335 sic
1055 2285 1339 2345 dimittere,
1367 2291 1528 2347 potus
1562 2284 1830 2346 siquidem
1856 2285 2062 2347 (gluten
2085 2286 2212 2334 ami-

554 2363 762 2425 corum)
786 2370 908 2412 ante
933 2362 1321 2425 degustandus.

621 2442 738 2503 Tyr.
799 2440 1018 2502 Optime
1080 2439 1153 2488 ibi
1215 2439 1376 2488 etiam
1439 2438 1545 2487 hoc
1607 2444 1797 2488 ornatu
1857 2455 1944 2487 me
1999 2455 2210 2488 exuam.

555 2518 778 2567 Eamus.
807 2516 905 2579 [80]

966 2649 1150 2703 Actus
1183 2643 1424 2703 Tertius
1455 2648 1632 2702 Scena

1193 2775 1414 2837 Quinta.

920 2894 1254 2944 PEDANTIVS.
1283 2893 1683 2942 DRoMODoTvs.

1202 3011 1398 3060 Lvmo.

615 3134 734 3181 Ped.
774 3133 892 3194 Ego
928 3132 1076 3190 istos,
1104 3147 1242 3191 quos
1276 3147 1459 3179 narras
1494 3135 1761 3178 emunctae
1795 3130 1937 3178 naris
1976 3128 2207 3188 IudiceS,

555 3225 622 3257 ne
660 3209 818 3258 flocci
856 3208 1013 3267 facio,
1051 3224 1120 3256 ne
1154 3207 1425 3255 tantillum
1461 3222 1608 3264 curo,
1636 3205 1870 3266 denique
1900 3212 2206 3264 contemno,

559 3285 667 3334 imo
692 3285 919 3347 despuo.
949 3285 1078 3334 Non
1105 3284 1266 3332 etiam
1289 3281 1603 3332 Academici
1626 3282 1783 3331 vestri
1810 3282 1866 3331 in
1888 3282 2080 3332 vestitu
2099 3282 2210 3344 J'am
