2444 4140
744 386 1054 442 Pedantius
1077 388 1129 441 A
1146 429 1158 441 .
1181 397 1224 439 Ι.
1251 387 1341 441 Se.
1369 395 1471 439 ΙΙΙ.
1954 386 2017 439 13

324 566 328 570 v
380 539 755 588 declamatorie
789 540 983 588 mirum
1015 539 1110 601 [24]
1147 540 1202 588 in
1236 538 1476 588 modum.
1505 538 1618 600 Quae
1650 537 1744 585 tria
1776 536 2018 598 (Iudices)

382 633 481 664 cum
503 616 675 673 dixero,
698 616 929 677 perorabo.

442 693 562 740 Dro.
592 690 751 753 Quod
776 691 843 739 ad
868 691 997 753 Quid
1018 691 1080 738 sit
1101 691 1300 748 attinet,
1328 695 1530 738 certum
1554 695 1632 737 est
1664 688 1870 737 nullam
1903 705 2016 750 per-

244 784 338 828 420
379 767 571 816 sectam
595 768 708 815 eius
733 766 844 814 dari
867 783 1022 828 posse
1048 765 1432 823 definitionem,
1459 770 1673 826 propter
1694 764 2016 825 paucitatem

241 1143 334 1204 425

240 1523 333 1582 430

233 3028 326 3089 450

376 859 619 891 verarum
664 841 1098 900 differentiarum,
1146 842 1323 901 itaque
1367 840 1722 901 descriptione
1776 839 2012 888 contenti

378 918 562 966 simus.

436 994 555 1041 Ped.
584 993 723 1040 Sane
747 1009 869 1040 vera
894 991 1204 1041 Differentia
1228 997 1306 1040 est
1327 993 1463 1040 Rara
1484 991 1583 1039 avis
1603 991 1654 1038 iu
1677 990 1824 1048 terris,
1864 989 2016 1051 nigro-

375 1084 459 1128 que
478 1067 720 1115 simillima
743 1084 898 1129 cygno.

437 1145 559 1191 Dm.
588 1143 685 1191 Est
707 1143 866 1203 igitur
887 1144 1054 1191 Amor
1081 1143 1519 1191 communissime
1543 1147 1788 1202 sumptus
1811 1140 2016 1199 (defini-

377 1224 489 1267 tore
510 1218 756 1278 Platone)
776 1219 1078 1279 appetentia
1100 1216 1514 1279 pulchritudinis
1538 1223 1753 1266 causata
1774 1234 1869 1278 per
1892 1233 2015 1265 con-

378 1295 762 1355 cupiscentiam
802 1294 1086 1351 carnalem,
1123 1294 1309 1341 volens
1347 1292 1653 1341 fruitionem
1692 1293 1859 1342 voliti.
1899 1294 2014 1341 Iam

376 1369 516 1418 hanc
533 1369 945 1430 descriptionem
959 1369 1035 1417 sic
1053 1369 1338 1430 integraliter
1355 1386 1385 1417 a
1404 1385 1489 1417 me
1506 1369 1735 1430 positam
1753 1369 2014 1429 analytice

375 1446 706 1494 resoluamus
732 1446 787 1492 in
812 1461 934 1493 suas
957 1450 1148 1505 partes.
1174 1445 1494 1505 Appetentia
1524 1444 1611 1492 hic
1644 1444 1861 1505 ponitur
1894 1445 2013 1492 loco

375 1521 582 1581 generis
622 1537 632 1568 z
666 1537 791 1568 nam
826 1519 1284 1580 quemadmodum
1323 1520 1467 1581 apud
1506 1519 1757 1581 physicos
1797 1519 2014 1568 materia

376 1597 576 1657 appetit
613 1595 857 1653 formam,
901 1596 976 1643 sic
1020 1595 1164 1656 apud
1208 1595 1454 1643 homines
1493 1596 1585 1655 qui
1624 1595 1915 1643 consistunt
1953 1611 2016 1642 ex

376 1672 594 1720 materia
616 1671 660 1718 δε
681 1671 867 1727 forma,
895 1688 1009 1718 mas
1033 1671 1338 1718 materiatus
1362 1671 1509 1731 cupit
1542 1686 1605 1718 ex
1634 1671 1813 1718 animo
1847 1670 2015 1719 foemi-

375 1763 500 1795 nam
518 1747 808 1795 formosam
831 1763 841 1793 :
862 1744 1205 1807 pulchritudo
1230 1751 1407 1794 autem
1433 1751 1511 1793 est
1534 1761 1597 1793 ex
1620 1745 1888 1793 coloribus
1907 1745 2015 1793 albi

372 1821 416 1868 δε
438 1821 742 1880 rubicundi,
771 1822 915 1870 iuxta
948 1821 1388 1882 temperationem
1421 1821 1758 1881 proveniens,
1787 1820 2014 1880 qualitas

376 1897 642 1945 sensibilis
666 1894 844 1958 Sensuj
862 1896 1168 1958 passionem
1187 1897 1469 1944 incutiens.
1492 1896 1692 1944 Sensus
1717 1902 1841 1945 sunt
1863 1896 2015 1955 quin-

373 1989 487 2033 que3
517 1973 704 2030 Gustus,
735 1973 831 2033 [25]
860 1972 1090 2033 Olfactus,
1117 1972 1339 2029 Auditus,
1376 1972 1518 2029 Visio,
1550 1973 1722 2020 Tactus
1749 1987 1759 2018 :
1785 1970 2015 2032 pulchri-

372 2047 503 2096 tudo
522 2049 666 2096 visus
686 2054 764 2096 est
782 2048 1041 2096 obiectum
1062 2046 1334 2096 :videmus
1353 2053 1531 2096 autem
1550 2046 1717 2107 (quod
1735 2046 2017 2107 diligenter

373 2123 763 2172 animadvertas
787 2124 971 2179 velim)
997 2124 1184 2182 oculis,
1210 2122 1253 2170 δε
1277 2124 1419 2171 oculi
1452 2123 1695 2171 fascinati
1729 2123 1890 2184 radijs
1922 2122 2019 2171 for-

373 2215 474 2247 mae
496 2200 855 2247 intromittunt
879 2200 1112 2260 speciem
1136 2197 1550 2260 pulchritudinis
1569 2199 1625 2246 in
1642 2197 1980 2259 phantasiam
2003 2214 2013 2246 ε

371 2275 654 2336 phantasia
696 2281 952 2336 provocat
990 2273 1331 2332 desiderium,
1374 2273 1715 2332 desiderium,
1758 2280 2016 2334 tanquam

372 2351 520 2398 canis
554 2349 788 2408 rabidus,
815 2351 1010 2398 lacerat
1043 2356 1276 2398 mentem
1312 2366 1492 2398 morsu
1526 2349 1721 2409 amoris
1749 2366 1759 2397 z
1795 2350 1866 2397 ita
1899 2350 2015 2410 pul-

372 2425 633 2484 chritudo,
671 2441 791 2485 quae
825 2432 934 2473 erat
972 2426 1028 2473 in
1064 2426 1218 2473 ‘vultu
1256 2425 1492 2486 virginis,
1519 2425 1764 2486 peruenit
1797 2423 2014 2472 tandem

370 2500 710 2562 procedendo
735 2501 963 2549 naturali
987 2500 1220 2560 quadam
1253 2500 1526 2548 tendentia
1559 2499 1627 2548 ad
1661 2501 1837 2561 ipsum
1872 2516 2010 2547 ama-

369 2577 496 2624 toris
521 2593 627 2634 cor,
655 2576 732 2637 (in
755 2592 863 2636 quo
889 2582 967 2624 est
990 2575 1142 2625 sedes
1165 2576 1331 2624 animi
1366 2574 1664 2624 secundum
1693 2575 2012 2635 Aristotelem)

369 2651 412 2699 δε
446 2669 473 2700 e
509 2652 766 2700 converso
805 2652 983 2712 ipsum
1018 2667 1109 2699 cor
1141 2651 1239 2699 viri
1277 2651 1498 2699 transire
1542 2651 1690 2712 cupit
1727 2650 1784 2698 in
1822 2666 2015 2711 corpus

369 2728 606 2788 virginis.

429 2804 549 2851 Ped.
579 2801 724 2864 Quid
748 2802 842 2850 tibi
869 2819 992 2851 cum
1020 2801 1406 2860 Trausitiouibus,
1434 2817 1554 2862 quae
1577 2800 1795 2862 quidem
1829 2799 2012 2862 figurae

369 2884 494 2927 sunt
520 2877 855 2926 Rhetoricae?

432 2955 554 3002 Dro.
599 2955 720 3002 Istae
762 2953 1124 3001 Transitiones
1163 2952 1399 3014 physicae
1450 2958 1615 3012 agunt
1652 2968 1747 3013 per
1790 2949 2012 3000 modum

371 3029 799 3087 illuminationis,
826 3028 869 3075 ἃ
892 3028 1132 3077 feruntur
1154 3045 1248 3089 per
1271 3027 1442 3076 radios
1465 3033 1635 3075 rectos
1658 3027 1832 3088 primo
1863 3026 2011 3074 archi-

359 3104 625 3165 podialiter,
656 3105 817 3152 deiude
839 3104 1036 3152 vicissim
1058 3104 1283 3167 reflexiue.

429 3181 549 3227 Ped.
580 3180 715 3241 Quae
749 3179 927 3228 dixisti
961 3180 1220 3229 hactenus
1243 3179 1361 3240 (etsi
1395 3195 1505 3227 non
1536 3178 1751 3228 fuerunt
1790 3175 2013 3238 optima)

369 3260 549 3304 tamen
572 3255 796 3304 meliora
819 3272 982 3317 quam
1007 3272 1128 3317 quae
1151 3254 1449 3305 deterrima.
1478 3254 1595 3316 Ego
1619 3251 2011 3316 elegantissime
