2444 4140
2032 237 2122 277 121

378 376 494 421 dum
526 374 856 419 masculinum
892 388 1080 423 sexum,
1115 374 1204 419 sed
1232 388 1321 429 per
1354 376 1777 429 comparationem
1806 372 1871 418 ad
1899 378 2127 418 naturam

377 444 711 490 universalem
730 444 931 488 foemina
951 457 1053 488 non
1074 449 1148 488 est
1168 443 1357 499 aliquid
1376 446 1763 488 occasionatum.

324 513 562 569 Scaliger,
584 513 634 557 de
653 513 773 558 Subt-
798 513 1018 558 CXXXI.
1042 531 1067 569 4
1092 525 1294 557 :omnes
1309 526 1439 569 pene
1454 511 1742 569 philosophi
1757 515 1913 557 nostri
1928 510 2126 557 barbari

376 581 606 627 dixerunt
624 581 874 626 foeminam
896 596 1009 627 esse
1038 581 1221 626 animal
1251 584 1639 635 occasionatum,
1673 581 1853 626 Latine
1881 580 2123 635 mutilum,

378 655 526 706 atque
543 653 828 707 interceptae
849 650 1219 707 perfectionis...
1237 656 1291 694 ut
1306 654 1631 695 communiter
1652 650 1844 699 dicitur,
1861 649 2123 695 inchoatae.

377 719 531 764 Vives
553 733 752 775 quoque
772 723 841 764 ita
863 722 1060 776 scripsit
1082 735 1091 764 ε
1117 719 1344 764 Foemina
1365 725 1439 764 est
1456 733 1564 764 mas
1585 718 1917 777 imperfectus.

323 787 418 843 Cp.
449 787 794 844 Castiglione's
836 789 863 831 I
865 788 882 833 l
914 788 1184 843 Cortcgiano,
1222 793 1375 833 trans.
1414 788 1482 846 by
1517 789 1574 832 B.
1611 788 1761 833 Clerk
1794 789 1883 840 (Dc
1915 787 2122 841 Curiali),

378 861 498 911 1571,
522 871 570 913 p.
595 863 676 902 330
694 855 909 913 (Gaspar
928 857 1030 913 loq.)
1054 872 1064 901 :
1087 857 1145 902 Id
1163 862 1332 902 tamen
1351 871 1455 902 non
1475 856 1714 902 dubitabo
1745 856 1964 902 dicere...
1985 861 2122 902 natu·

373 939 480 970 ram
502 939 699 982 semper
720 925 783 969 ad
804 928 990 981 optima
1009 929 1098 969 niti
1119 926 1160 970 &
1180 925 1480 971 contendere
1501 926 1542 971 &
1559 931 1827 983 propterea
1847 928 1982 971 viros
2004 940 2124 971 sem-

373 1008 463 1052 per
492 995 554 1047 (si
583 993 690 1038 fieri
723 994 912 1051 posset)
950 1007 1213 1049 procreare
1247 994 1394 1049 velle,
1431 994 1558 1039 adeo
1592 1000 1647 1038 ut
1670 994 1885 1039 foeminae
1906 998 2122 1050 quoties-

374 1076 571 1118 cunque
591 1068 889 1119 generentur
909 1063 1135 1108 occultus
1157 1064 1336 1119 aliquis
1358 1067 1409 1108 in
1428 1069 1616 1109 naturae
1647 1063 1847 1120 opificio
1876 1076 2014 1109 error
2042 1068 2119 1109 est

377 1136 482 1175 ...ut
500 1135 551 1176 in
571 1130 854 1176 hominibus
882 1135 1033 1177 coecis
1064 1133 1105 1176 &
1134 1132 1376 1179 claudis...
1408 1137 1477 1178 ita
1511 1147 1710 1188 quoque
1738 1133 1971 1179 mulieres
2001 1146 2124 1178 casu

373 1200 542 1256 aliquo
563 1200 603 1245 &
621 1200 821 1246 fortuito
843 1201 1001 1245 aeditae
1028 1201 1307 1246 videntur...
1341 1203 1445 1248 Ista
1472 1207 1640 1247 tamen
1670 1204 1906 1257 quoniam
1932 1206 2122 1248 naturae

372 1272 492 1314 vitia
514 1275 663 1324 atque
684 1268 905 1315 defectus
928 1275 1057 1319 sunt,
1080 1284 1183 1315 non
1204 1275 1279 1315 est
1300 1285 1497 1328 aequum
1516 1271 1748 1315 mulieres
1769 1271 1955 1316 odisse.

318 1338 561 1393 Marston,
583 1340 611 1382 I
611 1341 790 1383 nsatiate
811 1339 1029 1389 Countess,
1054 1339 1092 1383 1.
1120 1356 1157 1384 1.
1183 1355 1260 1394 129
1282 1339 1352 1395 (of
1368 1340 1581 1391 women)
1604 1352 1615 1382 t
1638 1339 1871 1386 Nature's
1888 1339 2122 1398 stepchil÷

372 1407 509 1458 dren,
532 1407 699 1453 rather
718 1407 808 1452 her
828 1407 1040 1453 disease.

317 1476 511 1530 Milton,
534 1478 592 1521 P.
611 1478 668 1521 L.
687 1476 746 1521 X.
765 1483 842 1530 891
863 1488 874 1518 τ
891 1476 990 1521 this
1004 1477 1098 1523 fair
1114 1477 1277 1524 defect
1291 1477 1346 1525 of
1356 1483 1547 1524 nature.
1566 1477 1709 1523 VIII.
1728 1482 1807 1524 555
1826 1492 1838 1522 t
1854 1477 2122 1536 Authority

369 1545 469 1591 and
492 1546 693 1590 Reason
714 1559 781 1591 on
808 1544 898 1590 her
926 1549 1046 1591 wait
1072 1547 1145 1592 As
1175 1560 1271 1592 one
1300 1546 1538 1594 intended
1566 1547 1688 1602 first,
1704 1551 1793 1592 not
1822 1546 1947 1592 after
1973 1546 2120 1593 made

369 1613 737 1672 Occasionally.
1900 1624 1906 1629 ⁴

182 1688 298 1725 880
319 1684 500 1729 Natura
519 1687 682 1739 semper
699 1683 879 1728 intendit
896 1683 1008 1739 quod
1022 1687 1084 1729 cst
1094 1683 1328 1741 perfectum
1347 1684 1399 1728 ‹5›
1419 1686 1635 1741 optimum.

314 1757 465 1803 Arist.
496 1757 545 1802 dc
578 1756 705 1810 Coelo,
736 1756 802 1802 ΙΙ.
834 1762 856 1802 5
892 1771 901 1801 :
935 1755 971 1800 εἰ
1007 1757 1091 1820 γὰρ
1129 1757 1156 1812 ἡ
1196 1755 1320 1820 φύσις
1358 1758 1423 1802 ἀεὶ
1457 1761 1575 1802 ποιεῖ
1609 1760 1697 1801 τῶν
1735 1753 2031 1820 ἐνδεχομένων
2067 1757 2118 1804 τὸ

370 1836 654 1901 βέλτιστον...
676 1840 768 1897 Cp.
791 1841 839 1887 de
857 1841 1054 1887 Animal.
1077 1843 1268 1896 Incessu‚
1292 1854 1438 1899 capp.
1461 1857 1487 1888 2
1503 1840 1603 1887 and
1618 1849 1658 1896 8,
1688 1845 1781 1887 etc.
1803 1840 1901 1888 See
1917 1842 2119 1898 preced-

367 1922 453 1976 ing
471 1923 605 1964 note.

315 1987 373 2032 R.
412 1988 600 2044 Bacon,
637 1987 938 2034 Communium
968 1989 1256 2035 Naturalium
1286 1988 1489 2045 (quoted
1517 1988 1584 2047 by
1619 1989 1680 2035 E.
1716 1988 1940 2040 Charles,
1972 1989 2120 2047 Rogor

366 2058 531 2108 Bacon,
554 2072 603 2114 p.
627 2059 726 2111 383)
750 2069 759 2100 :
783 2071 936 2114 quum
956 2062 1133 2103 natura
1155 2071 1352 2115 semper
1370 2058 1581 2104 intendit
1601 2058 1736 2116 quod
1766 2063 1843 2105 est
1861 2061 2117 2117 optimum.

180 2130 287 2167 88⁸7
314 2126 614 2181 Philosophus,
639 2140 708 2172 sc.
732 2126 1045 2181 Aristoteles,
1067 2127 1165 2172 Pol.
1190 2126 1229 2172 1.
1252 2142 1293 2172 2.

179 2199 284 2235 880
314 2195 512 2240 Factus?
530 2198 624 2240 Iino
644 2199 787 2241 natus.
811 2194 902 2251 Cp.
929 2212 1048 2249 1192.

311 2262 513 2321 Sidney,
542 2265 665 2320 Apol.
676 2263 756 2319 for
781 2265 901 2309 Poet.
936 2263 1017 2317 (ed
1044 2263 1392 2322 Shuckburgh)
1422 2280 1472 2321 p.
1501 2270 1553 2310 50
1583 2271 1761 2322 quotes
1791 2281 1818 2305 «
1838 2265 2019 2312 Orator
2047 2266 2116 2317 fit,

366 2338 514 2389 poeta
548 2336 768 2378 nascitur
798 2347 852 2388 >›;
892 2332 1132 2390 similarly
1166 2333 1357 2390 Lodge,
1389 2334 1574 2384 Dcfence
1607 2337 1650 2390 oj
1678 2336 1837 2391 Poetry
1872 2333 2119 2393 (Gregory

367 2401 542 2453 Smith‚
565 2402 749 2447 Critical
767 2402 975 2459 Essays,
999 2401 1038 2446 I.
1061 2403 1148 2457 71).

177 2475 283 2511 800
312 2472 464 2516 Bonus
469 2503 551 2513 .....
575 2473 719 2515 orator
738 2474 799 2515 est
817 2472 1002 2516 ciuitatis
1022 2471 1253 2516 oraculum.

313 2538 416 2585 Cic.
440 2541 488 2584 de
509 2541 635 2584 Orat.
661 2538 700 2584 I.
726 2555 806 2585 200
829 2554 839 2585 ε
864 2544 940 2584 est
961 2539 1137 2585 domus
1158 2543 1279 2585 iuris
1311 2540 1524 2585 consulti
1544 2543 1695 2587 totius
1725 2540 1982 2587 oraculum
2001 2544 2120 2587 ciui·

365 2611 496 2653 tatis.

180 2681 286 2717 807
316 2677 632 2722 melancholiam
653 2677 706 2721 ὦ»
722 2678 963 2733 phrenesim
983 2691 1074 2733 quae
1093 2676 1213 2722 nobis
1228 2680 1418 2723 imminet
1437 2679 1771 2733 contemplationi
1788 2679 1953 2725 deditis.

313 2744 587 2797 Cardanus‚
620 2746 667 2791 do
701 2746 823 2791 Subt.
847 2754 927 2791 826
961 2759 969 2787 :
1003 2746 1337 2791 melancholia
1371 2761 1481 2804 quae
1515 2746 1738 2792 resoluto
1772 2747 1979 2793 humore
2014 2751 2118 2803 pin-

368 2817 539 2870 guiore
561 2818 775 2870 gignitur
797 2829 856 2860 ex
878 2816 1140 2873 superfiuis
1163 2815 1340 2871 studijs
1363 2821 1512 2871 atque
1533 2816 1732 2872 uigilijs.

315 2882 393 2927 On
414 2884 648 2929 madness
671 2898 727 2929 as
757 2883 840 2928 the
861 2885 1018 2929 result
1038 2884 1092 2929 of
1116 2884 1262 2940 study
1284 2899 1369 2929 see
1390 2885 1595 2934 Burton‚
1619 2886 1836 2942 Anatomy
1858 2885 1897 2930 1.
1920 2901 1961 2931 2.
1985 2891 2024 2931 3.
2051 2890 2117 2933 15.

179 2955 286 2992 000
314 2954 352 2995 si
371 2955 528 2997 saeviat.
553 2953 778 2997 Because
802 2953 890 2998 she
911 2967 1028 3010 may
1048 2953 1169 2998 then
1190 2952 1327 2998 draw
1348 2951 1516 2998 blood.

312 3021 548 3076 impropria
562 3022 822 3077 pradicatio,
846 3025 884 3065 si
903 3021 1123 3077 inferius..
1141 3022 1452 3078 pradicarctur
1471 3022 1519 3066 de
1539 3035 1613 3067 suo
1632 3023 1858 3078 superiori.

314 3086 408 3145 Cp.
440 3089 709 3139 Brochard,
734 3091 922 3135 Lexicon
949 3090 1296 3146 Philosophicum
1322 3105 1347 3129 <t
1372 3089 1702 3148 Syllogismi»
1731 3106 1741 3136 ι
1774 3089 2024 3150 Quicquid
2057 3090 2120 3136 de

369 3171 551 3213 genere
585 3158 776 3209 dicitur,
801 3158 863 3204 de
899 3159 1127 3204 omnibus
1166 3160 1271 3215 ejus
1294 3158 1516 3214 partibus
1546 3173 1662 3204 vere
1690 3159 1788 3204 dici
1816 3164 1996 3215 potest,
2018 3173 2120 3206 non

369 3230 534 3271 autem
553 3230 786 3272 vicissim.

179 3298 286 3336 005
318 3298 461 3340 ratio..
485 3298 681 3349 coactiva,
705 3310 735 3341 a
756 3301 937 3353 cogent
957 3310 1152 3342 reason.

179 3367 289 3404 000
306 3362 574 3418 fecerunt...
598 3368 700 3421 opus
719 3365 1106 3415 naturalissimum,
1130 3365 1178 3410 id
1194 3369 1254 3409 est
1269 3368 1536 3420 generarunt
1552 3365 1634 3411 sibi
1652 3366 1802 3411 simile.

314 3432 535 3484 Javellus
553 3437 681 3490 super
699 3435 780 3478 III
803 3433 932 3479 libros
952 3434 1000 3478 de
1019 3435 1204 3488 Anima,
1230 3432 1343 3479 Lib.
1368 3434 1433 3487 II,
1454 3433 1677 3492 Quaestio
1702 3442 1751 3480 16
1775 3450 1784 3480 :
1808 3434 1861 3481 Si
1882 3447 2121 3492 generare

370 3499 463 3545 sibi
485 3501 643 3546 simile
666 3506 741 3547 est
760 3503 1183 3548 naturalissimum
1204 3501 1433 3549 omnibus
1453 3503 1750 3549 viuentibus.

181 3573 289 3609 008
313 3573 393 3624 per
411 3583 453 3614 se
563 3573 641 3625 per
661 3571 808 3616 alium.
833 3570 923 3626 Cp.
946 3571 1031 3616 the
1051 3571 1184 3626 legal
1213 3574 1395 3617 maxim
1419 3585 1428 3614 :
1452 3572 1550 3631 Qui
1570 3571 1687 3618 facit
1706 3586 1795 3628 per
1816 3573 1981 3626 alium,
2002 3571 2120 3618 facit

371 3651 460 3692 per
481 3651 550 3683 se.

181 3709 291 3745 ⁰12
320 3720 402 3750 non
422 3710 590 3762 possum
620 3709 730 3752 enim
750 3721 814 3754 me
843 3711 1051 3754 continere
1083 3711 1187 3764 quin
1226 3710 1464 3755 exclamem.
1498 3709 1588 3764 Cp.
1624 3708 1685 3756 G.
1710 3709 1930 3767 Harvey,
1954 3709 2119 3755 Cicero-

373 3775 529 3820 nianus
553 3783 601 3820 16
625 3790 634 3820 t
658 3774 822 3821 facere
843 3789 944 3822 non
965 3790 1170 3833 possum
1191 3780 1309 3833 quin
1331 3777 1602 3823 exclamem
1624 3809 1651 3821 ..
