2444 4140
588 435 656 500 78
1015 429 1329 485 Pedantius
1354 431 1435 485 A.
1472 440 1530 484 V.
1555 431 1648 487 Sc.
1686 447 1744 492 V.

987 613 1173 668 Actus
1199 614 1464 686 Quintus,
1493 612 1673 668 Scena

1222 753 1445 816 Quinta.

1027 874 1265 922 BLETvs.
1294 872 1630 922 PEDANTws.

1133 991 1533 1040 DROMODOTVS.

418 1111 541 1176 2745
648 1112 756 1160 Ble.
803 1111 968 1170 Here,
1011 1110 1274 1161 nuncium
1320 1117 1546 1173 apporto
1590 1111 1812 1171 tristem,
1856 1129 1918 1161 ac
1952 1111 2144 1162 ‘dolere
2194 1118 2244 1162 te

586 1188 768 1239 iube0.

646 1266 769 1314 Ped.
798 1264 998 1313 Dolere
1021 1279 1147 1313 vero
1173 1263 1394 1314 verbero
1414 1264 1433 1312 ?
1456 1265 1687 1314 Amatne
1710 1282 1797 1314 me
1824 1265 2000 1327 Lydia
2021 1266 2039 1314 ?

647 1343 755 1392 Ble.
786 1341 1025 1390 Maxime
1050 1340 1291 1402 quidem,
1319 1347 1411 1391 aut
1432 1341 1671 1404 perbelle
1697 1342 1931 1392 simulat.

635 1420 767 1468 Paci.
813 1418 956 1468 Tum
1001 1417 1182 1467 doleat
1226 1418 1320 1479 qui
1365 1418 1526 1477 volet,
1576 1435 1676 1480 ego
1723 1418 1960 1468 laetabor.
2013 1419 2157 1468 Nam
2204 1420 2248 1469 si

422 1496 547 1561 2750
590 1495 1060 1559 appropinquante
1101 1494 1313 1544 Phoebo
1347 1501 1499 1557 prata
1537 1494 1713 1544 rident
1752 1495 1832 1557 (ut
1865 1496 1938 1544 ait
1970 1496 2248 1558 Virgilius)

589 1590 684 1623 cur
707 1589 820 1622 non
846 1588 945 1633 ego
969 1571 1195 1633 hujusce
1221 1572 1362 1621 Solis
1386 1562 1496 1621 mei
1511 1571 1673 1635 radijs
1692 1573 1963 1635 amatorijs
1981 1580 2248 1624 recreatus

586 1648 837 1712 gaudebo
863 1648 1144 1698 similiter?
1169 1649 1298 1697 Non
1321 1654 1475 1711 potes
1500 1650 1707 1698 efficere
1733 1666 1832 1712 ego
1857 1655 1916 1699 ut
1938 1649 2170 1699 doleam.

648 1727 758 1775 Ble.
788 1726 1078 1784 Nummos,
1107 1741 1245 1786 quos
1269 1726 1461 1774 misisti
1484 1755 1546 1760 ———

646 1804 768 1853 Ped.
799 1801 946 1865 Quid
971 1802 1048 1850 ais
1069 1802 1087 1850 ?
1109 1801 1330 1864 perfide.
1361 1801 1490 1864 [157]

421 1879 543 1943 2755
649 1880 757 1929 Ble.
788 1878 977 1940 Lydiae
1000 1877 1195 1928 tradidi
1220 1879 1276 1927 in
1300 1895 1494 1929 manus
1518 1879 1679 1929 simul
1705 1880 2001 1929 universos.

647 1957 769 2005 Ped.
801 1955 1028 2005 Factum
1062 1956 1154 2017 pol
1190 1955 1329 2005 bene
1358 1973 1368 2004 ε
1401 1955 1600 2005 facient
1633 1956 1766 2015 haec,
1795 1962 1853 2006 ut
1875 1955 2102 2006 ridendo
2126 1957 2249 2007 fort·

588 2049 706 2082 asse
730 2031 945 2081 dole-am
974 2049 984 2081 ε
1013 2031 1161 2093 quod
1191 2033 1414 2081 memini
1448 2033 1643 2094 legisse
1678 2050 1763 2082 me
1799 2032 1865 2083 de
1900 2033 2246 2094 quibusdam.

648 2110 772 2159 Dm.
801 2108 1051 2158 Profecto
1091 2125 1204 2158 non
1245 2115 1324 2158 est
1356 2108 1412 2158 id
1452 2109 1822 2171 impossibile;
1865 2127 1991 2159 nam
2032 2111 2076 2159 si
2115 2110 2250 2160 forte

589 2186 743 2248 splen
769 2186 1214 2248 (instrumentalis
1249 2202 1385 2249 pars·
1407 2185 1743 2247 risibilitatis)
1768 2186 2084 2236 extendatur
2113 2188 2250 2237 ultra

421 2266 546 2326 2760
588 2263 880 2313 terminum
905 2269 1297 2325 temperaturae,
1326 2280 1390 2312 ex
1414 2279 1587 2324 eoque
1612 2269 1832 2325 ruptura
1857 2264 2037 2325 aliqua
2061 2281 2248 2325 sequa-

587 2347 690 2399 tur,
736 2341 851 2402 ejus
890 2340 1129 2389 hominis
1169 2341 1286 2402 ipsa
1325 2357 1469 2389 mors
1494 2341 1607 2389 'erit
1644 2341 1901 2390 ridibunda
1944 2357 1954 2389 :
1997 2341 2122 2391 licet
2160 2341 2247 2403 alij

588 2423 801 2480 ponunt
825 2433 1043 2466 causam
1069 2417 1125 2465 in
1151 2423 1302 2479 septo
1328 2423 1649 2466 transverso.

651 2495 758 2543 Ble.
790 2493 987 2542 Libera
1017 2494 1129 2555 jam
1166 2499 1262 2553 est,
1288 2492 1332 2541 ὃς
1366 2487 1622 2556 persolvit
1655 2494 1788 2553 seni,
1817 2493 1965 2555 quod
1999 2495 2089 2543 ille
2124 2510 2251 2556 cup·

591 2571 735 2620 ierat.

426 2648 549 2712 2765
654 2649 775 2697 Ped.
805 2648 973 2710 Splen
997 2663 1150 2696 meus
1182 2647 1239 2696 in
1268 2647 1626 2709 largissimam
1662 2647 2001 2698 latitudinem
2037 2646 2250 2697 extend-

592 2725 714 2774 itur.
745 2725 853 2783 Ha,
880 2723 967 2782 ha,
995 2723 1082 2773 he.

654 2802 777 2850 Dro.
807 2800 954 2863 Quid
978 2799 1119 2849 rides
1143 2801 1215 2849 ita
1235 2800 1572 2849 Democritice?
1597 2801 1641 2849 F
1646 2802 1832 2862 ugiant
1853 2802 2041 2863 procul
2066 2801 2252 2850 nimie-

592 2883 726 2927 tates
751 2894 941 2927 omnes
976 2894 1007 2926 a
1041 2877 1217 2926 nobis.
1247 2878 1494 2938 Requirit
1526 2877 1631 2926 hoc
1663 2878 1895 2939 gravitas
1929 2894 2040 2927 non
2075 2879 2252 2928 solum

592 2953 834 3017 physica,
862 2953 956 3003 sed
980 2953 1023 3001 δε
1048 2953 1436 3016 metaphysica.

428 3044 551 3094 2770
655 3032 763 3080 Ble.
792 3030 899 3080 Sed
923 3047 1035 3080 non
1057 3036 1234 3092 potest
1252 3030 1363 3092 jam
1388 3030 1484 3079 tibi
1509 3030 1712 3080 nubere
1742 3048 1752 3079 ε
1780 3037 1999 3093 aegrotat
2022 3032 2184 3081 enim.

655 3109 777 3156 Ped.
804 3107 1087 3169 AEgrotat?
1119 3107 1165 3155 O
1202 3107 1499 3169 AEsculapi,
1528 3106 1582 3156 id
1618 3107 1750 3156 mihi
1783 3108 1930 3157 visus
1965 3124 2021 3157 es
2054 3107 2248 3167 dicere,

595 3184 692 3232 Abi
712 3184 797 3232 cito
822 3184 879 3233 <Se
900 3185 1118 3247 suspende
1142 3187 1197 3232 te.
1228 3184 1392 3233 Nunc
1416 3200 1516 3245 ego
1541 3190 1757 3246 aegroto.
1787 3184 1916 3246 [158]

655 3262 763 3310 Ble.
790 3262 1052 3323 AEg-rotat,
1080 3261 1320 3322 inquam,
1348 3261 1593 3322 graviter.

656 3338 777 3389 Ped.
804 3338 1028 3403 AEgroto
1053 3336 1320 3404 (inquam)
1343 3338 1589 3404 graviter.
1619 3338 1764 3391 Heu.
1790 3337 1896 3392 hei.

2415 3123 2444 3154 ,ἐκ
