2444 4140
382 756 506 807 2250

380 1137 502 1189 2255

377 1523 501 1572 2260

377 1903 498 1954 2265

375 2298 503 2347 2270

375 2668 496 2730 2275

373 3051 497 3099 2280

554 448 625 517 64
955 442 1270 498 Pedantius
1293 445 1375 498 A.
1404 453 1501 497 IV.
1536 444 1622 499 Sc.
1659 454 1716 497 V.

548 602 653 651 hoc
671 616 792 650 meo
811 598 1062 649 authores
1079 599 1317 659 reliquos
1339 615 1697 661 quoscunque
1715 599 1933 649 illorum
1957 598 2204 659 refutare,

548 678 875 737 sedibusque
900 676 1011 725 suis
1035 674 1338 725 deturbare.

608 756 740 803 Lud.
777 753 886 802 Hic
921 769 984 801 eo
1025 750 1189 810 venit,
1227 758 1491 813 quantum
1533 751 1781 813 conijcio,
1822 751 2207 803 bibliothecam

547 831 853 881 universam
889 827 1137 890 Pedantij
1159 829 1339 890 'nostrj
1374 834 1433 877 ut
1469 834 1739 890 expugnet
1775 827 1818 876 &
1849 827 2070 878 auferat.
2099 829 2207 879 Sed

547 924 647 968 ego
672 923 758 956 me
781 905 944 967 hujus
963 922 1237 967 opponam
1255 904 1439 963 furori,
1461 905 1617 965 quasi
1634 921 1886 966 aggerem
1905 911 1997 955 aut
2019 906 2205 955 turrim

545 984 784 1044 aliquam
809 981 1099 1032 advorsum
1124 982 1180 1030 in
1203 982 1308 1031 via.

612 1060 714 1109 Gil.
753 1060 836 1108 Ex
870 1058 1125 1108 omnibus
1159 1057 1493 1107 debitoribus
1532 1058 1728 1107 nostris
1767 1058 1904 1108 nulli
1939 1065 2064 1108 sunt
2098 1065 2207 1108 tam

549 1137 776 1195 Periuri,
815 1153 980 1197 quam
1017 1134 1303 1184 Scholares
1338 1134 1463 1184 isti:
1502 1135 1595 1195 qui
1630 1133 1769 1196 (freti
1807 1134 2035 1197 fallacijs
2075 1135 2208 1198 suis)

546 1230 658 1262 non
681 1219 872 1262 curant
893 1214 1229 1274 Argumenta
1264 1217 1446 1260 nostra
1480 1211 1641 1260 etiam
1675 1212 1731 1260 ab
1764 1211 2060 1261 authoritate.
2091 1213 2208 1262 Nos

545 1307 609 1338 ex
632 1289 893 1351 singulari
917 1293 1100 1338 nostro
1134 1289 1352 1347 Amore,
1380 1287 1424 1335 &
1458 1304 1606 1336 mero
1642 1294 1792 1337 motu
1827 1287 2208 1338 misericordiae

546 1366 925 1429 permittimus,
953 1371 1012 1414 ut
1035 1365 1091 1413 in
1113 1364 1218 1413 hoc
1257 1365 1565 1426 Registrum
1590 1364 1633 1411 δε
1655 1366 1929 1426 penetrale
1960 1371 2203 1415 nostrum

544 1444 781 1502 veniant,
809 1442 995 1503 sicque
1019 1440 1270 1491 auferunt
1292 1459 1322 1490 a
1346 1440 1504 1490 nobis
1528 1458 1640 1490 non
1665 1442 1843 1491 solum
1867 1442 2054 1491 laneos
2077 1460 2207 1505 pan-

545 1536 645 1569 nos
696 1518 1185 1582 praestantissimos,
1230 1517 1325 1567 sed
1364 1518 1524 1567 etiam
1566 1524 1740 1566 vestes
1779 1518 2120 1568 bombicinas
2164 1519 2207 1567 &

543 1597 756 1655 sericas,
784 1596 1016 1645 sericum
1043 1596 1464 1654 Damascenum‚
1492 1595 1724 1644 sericum
1749 1612 1947 1654 rasum,
1975 1596 2206 1647 sericum

545 1674 817 1731 villosum,
847 1671 976 1734 [129]
1002 1671 1046 1719 &
1070 1671 1305 1732 denique
1331 1670 1463 1732 quid
1487 1672 1638 1720 non?
1676 1672 1929 1732 Namque
1962 1672 2033 1720 ita
2063 1673 2207 1722 laute

543 1750 719 1799 vestiti
760 1747 1037 1808 incedunt,
1077 1765 1140 1797 ac
1180 1749 1224 1797 si
1264 1754 1442 1796 essent
1481 1748 1728 1809 generosi
1777 1749 2055 1810 Templarij.
2099 1748 2207 1800 Sed

543 1843 669 1876 cum
703 1826 936 1888 pretium
972 1831 1052 1873 est
1084 1824 1525 1886 persolvendum,
1553 1823 1866 1874 subducunt
1899 1841 1955 1874 se
1990 1825 2202 1875 callide.
2270 1824 2274 1827 ’

544 1903 601 1952 Si
640 1903 915 1964 pultemus
956 1901 1194 1951 cubiculi
1239 1901 1397 1960 foreS,
1446 1900 1792 1963 respondent,
1836 1918 1892 1950 se
1937 1918 2050 1950 non
2090 1919 2205 1951 esse

544 1979 705 2037 intuS,
733 1984 923 2027 curant
946 1994 1002 2026 se
1027 1977 1214 2026 abesse
1232 1993 1470 2039 peregre,
1492 1983 1585 2026 aut
1604 1978 1890 2039 imperiose
1916 1977 2203 2039 denegant.

544 2055 680 2117 Quis
704 2060 762 2103 tu
787 2070 843 2102 es
863 2054 881 2101 ?
907 2053 1054 2116 Quid
1088 2053 1221 2102 mihi
1257 2060 1437 2102 tecum
1458 2054 1476 2101 Ρ
1497 2055 1615 2102 Non
1636 2070 1752 2111 sum,
1782 2070 1870 2102 non
1887 2058 2086 2116 possum,
2115 2071 2204 2103 non

543 2131 652 2179 libet
670 2147 758 2179 esse
780 2130 922 2178 domi.
950 2129 1111 2189 Tum,
1139 2147 1207 2179 ne
1240 2147 1271 2178 a
1307 2130 1465 2179 nobis
1499 2130 1919 2192 conspiciantur,
1947 2131 2088 2179 clam
2111 2148 2206 2192 per

540 2208 811 2270 posticum
829 2206 873 2254 ἃ
891 2207 1206 2268 angiportus
1231 2223 1477 2267 quosque
1502 2206 1802 2268 subrepunt
1825 2207 1980 2267 quasi
2004 2224 2201 2256 mures.

548 2283 711 2347 Quod
746 2284 789 2332 si
825 2283 960 2332 forte
984 2283 1329 2346 inopinantes
1363 2283 1522 2332 nobis
1556 2283 1613 2332 in
1645 2284 1823 2345 platea
1858 2284 2201 2343 occurrerint,

540 2367 800 2421 tanquam
826 2361 870 2409 si
894 2361 1087 2422 lupum
1110 2359 1388 2419 vidissent,
1416 2376 1484 2409 ne
1509 2377 1679 2409 unum
1703 2361 1955 2422 proloqui
1979 2361 2203 2410 verbum

539 2443 785 2499 possunt.
809 2437 1014 2486 Eorum
1034 2454 1176 2486 unus
1195 2453 1368 2499 nuper
1386 2436 1519 2485 mihi
1537 2437 1748 2498 roganti
1769 2435 2031 2496 debitum,
2057 2436 2203 2500 Quid

542 2531 696 2577 opus,
725 2513 916 2574 inquit,
945 2519 1024 2562 est
1057 2519 1206 2562 tanta
1239 2514 1644 2575 importunitate
1666 2513 1684 2560 ?
1706 2513 1929 2575 Amplius
1950 2514 2202 2562 deliberan-

542 2593 653 2639 dum
693 2607 855 2639 censw.
901 2588 1048 2653 Quid
1089 2590 1388 2652 suspiciose
1429 2606 1514 2638 me
1554 2589 1870 2639 insectaris?
1911 2590 2042 2639 Non
2081 2607 2201 2640 sum

541 2667 798 2729 fugitivus
822 2684 833 2715 :
860 2684 956 2716 vos
981 2666 1240 2729 oppidani
1262 2683 1358 2715 nos
1380 2665 1737 2715 Academicos
1762 2667 2003 2729 viperino
2027 2666 2203 2716 mord-

540 2745 638 2793 etis
680 2760 880 2793 morsu.
921 2743 1029 2793 Sed
1064 2760 1253 2793 eccum
1285 2742 1670 2805 percommode
1707 2743 1998 2804 puerulum
2035 2742 2203 2792 debit-

543 2821 649 2869 oris
675 2821 798 2882 nned.

601 2898 733 2946 Lud.
770 2897 949 2946 Nemo
981 2901 1367 2958 praeceptorem
1402 2901 1686 2945 exeuntem
1722 2895 1860 2944 istuc
1894 2894 2026 2944 vidit
2059 2896 2201 2956 quis-

541 2990 706 3034 quam
732 2989 915 3022 meum
936 2973 955 3020 ?
980 2973 1148 3021 Miror
1170 2988 1280 3032 quo
1304 2971 1494 3020 abierit
1521 2988 1532 3019 1
1565 2970 1735 3020 Adest
1770 2972 1914 3021 intus
1948 2973 2042 3032 qui
2072 2988 2200 3034 prae-

540 3050 765 3099 stolatur
789 3049 918 3111 [130]
945 3065 1087 3107 eum,
1109 3065 1140 3097 a
1161 3049 1308 3109 Rege
1334 3048 1566 3097 nuncius
1591 3065 1715 3097 cum
1735 3048 1973 3097 nummis
1997 3049 2197 3107 multis,

541 3126 712 3187 ijsque
747 3126 940 3184 aureis,
979 3136 1142 3186 quem
1178 3131 1236 3173 ut
1270 3125 1532 3186 reperiam
1568 3124 1893 3183 anhelando,
1931 3123 2196 3183 sudandO,

540 3218 765 3251 succum
805 3202 967 3262 huius
1006 3201 1314 3264 corpusculi
1353 3199 1678 3267 profundam
1714 3207 1854 3255 certe
1890 3201 2199 3254 universum

543 3279 721 3332 simul.
