2444 4140
2013 201 2110 257 117

310 350 585 407 Langland,
617 351 747 394 Piers
775 348 848 391 Pl.
881 346 921 391 C
957 350 1073 395 text,
1112 345 1302 399 XVIII,
1339 352 1432 393 280,
1469 348 1645 399 quotes
1676 342 1890 387 «Nolite
1919 346 2112 387 mittere

362 420 539 464 falcem
561 422 608 462 in
629 431 844 471 messem
865 415 1078 460 alienam
1094 428 1134 456 n.
1158 413 1270 458 The.
1289 417 1465 470 saying
1493 426 1656 457 seems
1685 416 1737 455 to
1767 410 1830 456 be
1860 410 2017 455 based
2047 425 2113 455 on

363 491 674 542 Deuteronomy
694 485 877 529 XXIII.
901 488 951 528 25
977 496 986 523 ε
1011 482 1064 528 Si
1085 485 1343 526 intraveris
1365 485 1417 526 in
1438 486 1658 537 segetem
1679 483 1824 524 amici
1844 483 1930 528 tui,
1953 479 2112 535 frang-

364 571 418 601 es
442 560 606 613 spicas
630 559 678 598 et
697 567 847 597 manu
868 557 1093 596 conteres
1117 566 1126 594 :
1150 550 1277 595 falce
1302 556 1468 594 autem
1486 564 1588 593 non
1606 553 1779 593 metes.

309 625 576 682 Sylvester‚
600 625 678 667 Du
697 623 865 666 Bartas
884 622 1026 671 (1608)
1045 635 1094 676 p.
1119 627 1197 674 334
1230 635 1240 663 :
1270 620 1352 663 the
1383 618 1629 675 youthfull
1660 617 1800 674 pride
1831 616 1900 661 Of
1922 621 2115 671 vpstart

365 693 517 742 State,
551 691 829 739 ambitious‚
861 689 1081 746 boyling‚
1112 688 1274 742 fickle,
1308 688 1406 732 Did
1435 688 1596 733 thrust
1626 690 1698 739 (as
1721 688 1854 738 now)
1874 690 1925 730 in
1945 685 2114 730 others

366 776 486 806 corn
505 762 581 805 his
605 760 774 805 sickle.

179 837 418 873 691-693
438 831 560 874 Mihi
579 833 768 874 tamen...
791 828 960 872 dietum.

311 900 414 945 Cic.
436 900 660 943 Paradox.
683 918 708 953 4
735 913 744 941 :
768 896 820 941 Si
842 896 960 940 mihi
992 897 1262 951 eripuisses
1289 894 1506 939 divinam
1526 897 1676 938 animi
1697 896 2026 938 constantiam
2031 923 2113 935 .....

364 968 587 1012 Paradox.
611 983 636 1011 2
660 982 669 1010 :
702 965 772 1019 (of
798 964 1038 1021 Regulus)
1062 979 1071 1008 :
1096 978 1248 1007 non...
1281 963 1569 1018 magnitudo
1598 966 1746 1007 animi
1774 967 1879 1007 eius
1902 965 2117 1006 excruci-

365 1037 555 1089 abatur,
579 1050 679 1079 non
699 1035 840 1087 fides,
863 1048 964 1077 non
985 1037 1279 1085 constantia,
1304 1046 1406 1076 non
1426 1033 1529 1077 ulla
1549 1036 1719 1078 virtus.

173 1113 278 1149 696
309 1106 565 1150 radicaliter.
590 1104 680 1160 Cp.
705 1110 783 1159 243
803 1119 848 1147 n.

177 1181 281 1218 702
310 1191 394 1220 vna
410 1189 503 1218 cum
518 1189 609 1217 esca
626 1174 799 1217 hamum
814 1173 992 1216 voravit.
1013 1171 1175 1214 Plaut.
1195 1171 1325 1216 Cure.
1347 1170 1438 1214 III.
1456 1178 1504 1214 61
1528 1185 1537 1214 ε
1557 1185 1698 1215 meus
1715 1170 1795 1214 hic
1813 1176 1903 1222 est,
1918 1170 2119 1214 hamum

365 1248 520 1287 vorat.
551 1243 682 1286 True.
708 1242 746 1285 I.
774 1259 810 1285 1.
836 1257 903 1286 21.

177 1319 282 1355 766
310 1314 471 1357 amoris
490 1315 597 1357 vias.
624 1311 785 1355 Plaut.
811 1312 951 1354 Persa
974 1310 1011 1353 I.
1039 1327 1076 1353 1.
1103 1327 1140 1354 1.

178 1387 283 1423 720
312 1382 533 1425 domina...
557 1380 609 1423 ὦ*
627 1382 795 1434 regina.
820 1379 923 1423 Cic.
946 1379 995 1422 de
1016 1377 1104 1435 Off.
1130 1378 1222 1422 III.
1246 1394 1298 1430 29
1322 1391 1331 1419 :
1354 1377 1483 1421 haec
1504 1391 1604 1422 una
1623 1381 1778 1422 virtus
1800 1381 2019 1422 omnium
2045 1383 2121 1423 est

369 1450 569 1494 domina
590 1454 638 1492 et
658 1452 843 1503 regina.

178 1525 282 1561 724
309 1519 585 1574 promittendo
601 1532 751 1561 aureos
765 1521 937 1561 montes.
949 1516 1040 1572 Cp.
1055 1518 1248 1561 Erasm.
1261 1516 1441 1571 Adagia
1453 1531 1462 1560 ε
1475 1530 1653 1561 aureos
1666 1521 1859 1561 montes
1876 1517 2118 1573 polliceri.

371 1595 517 1654 χρῦσα
541 1586 623 1653 ὄρη
652 1589 967 1653 ὑπισχνεῖσθαι.
994 1586 1106 1630 Ter.
1136 1586 1319 1630 Phorm.
1354 1586 1393 1628 Ι.
1426 1601 1466 1631 2.
1502 1592 1550 1630 18
1583 1600 1594 1629 z
1626 1585 1776 1630 modo
1805 1599 1908 1630 non
1926 1591 2119 1630 montes

370 1673 475 1714 auri
497 1669 757 1726 pollicens.

181 1745 285 1781 729
315 1754 391 1784 ars
410 1741 570 1783 artium
591 1738 642 1781 (g.
663 1739 835 1782 seientia
855 1740 1143 1782 scientiarum.
1168 1737 1264 1782 See
1286 1742 1401 1780 note
1423 1751 1489 1780 on
1513 1741 1615 1780 1515
1635 1738 1830 1781 Duucico
1851 1745 1943 1780 etc.

315 1807 376 1853 G.
402 1808 607 1864 Harvey
627 1807 805 1860 Rhetor,
830 1806 872 1850 F
873 1809 925 1849 iii
944 1821 954 1850 :
980 1805 1023 1850 O
1040 1811 1196 1850 artem
1213 1810 1389 1850 artium
1406 1822 1417 1860 ;
1437 1805 1480 1850 O
1499 1805 1833 1850 doctrinarum
1849 1805 2124 1850 doctrinam

372 1876 722 1931 eloquentiam.
1174 1884 1178 1888 ’

318 1945 542 1990 Macrob.
565 1946 659 1989 Sat.
682 1944 797 1988 VII.
827 1948 873 1988 15
900 1956 909 1985 :
933 1944 1306 2000 philosophiam
1336 1948 1492 1987 artem
1522 1957 1635 1988 esse
1658 1947 1835 1988 artium
1855 1944 1895 1988 &
1916 1942 2126 1999 discipli-

372 2028 488 2058 nam
509 2013 895 2067 disciplinarum.

322 2082 549 2135 Kaulich‚
573 2083 719 2127 Eutzo.
743 2082 817 2126 der
837 2082 964 2127 schol.
987 2082 1106 2125 Phil.
1133 2081 1171 2125 Ι.
1195 2089 1275 2127 262
1297 2086 1475 2136 quotes
1506 2081 1758 2136 Berengar
1788 2081 1843 2125 of
1858 2080 2034 2130 Tours,
2056 2082 2127 2124 De

373 2166 499 2195 sacra
519 2166 649 2204 coena,
672 2165 720 2206 p.
757 2166 834 2195 100
857 2166 866 2194 :
893 2151 1220 2195 Dialecticam
1250 2149 1426 2194 beatus
1454 2151 1764 2206 Augustinus
1794 2156 1932 2195 tanta
1961 2150 2130 2194 diffini-

374 2224 508 2264 tione
531 2219 758 2275 dignatur
779 2225 831 2263 ut
852 2219 984 2263 dicat
1008 2232 1017 2260 :
1042 2219 1304 2263 dialectica
1326 2233 1406 2263 ars
1429 2226 1503 2263 est
1526 2223 1718 2272 artium,
1744 2219 2008 2276 disciplina
2027 2219 2125 2264 dis-

376 2289 683 2344 ciplinarum.

319 2360 487 2403 iuvenes
502 2372 777 2412 generOSOS...
801 2360 1005 2413 capimus.
1030 2357 1112 2401 No
1134 2356 1288 2402 doubt
1308 2372 1336 2401 a
1358 2357 1663 2411 description
1691 2356 1745 2401 of
1768 2357 1852 2401 the
1882 2360 2126 2412 practices

377 2426 430 2471 of
449 2440 586 2470 some
608 2426 788 2483 people
811 2433 860 2470 at
882 2425 1180 2482 Cambridge
1202 2432 1252 2470 at
1271 2426 1354 2469 the
1375 2430 1492 2470 time
1513 2426 1596 2470 the
1627 2426 1746 2482 play
1776 2440 1884 2471 was
1914 2429 2125 2469 written.

189 2502 293 2537 731
327 2495 443 2539 cibus
463 2496 507 2539 lii
527 2497 633 2539 mihi
652 2499 691 2539 et
700 2499 826 2551 potus
855 2499 970 2550 sunt,
1003 2501 1136 2539 meat
1163 2495 1261 2539 and
1291 2495 1435 2538 drink
1463 2502 1514 2539 to
1542 2509 1638 2538 me.
1670 2494 1759 2551 Cp.
1793 2494 2126 2549 Shakspeare‚

380 2567 548 2620 Asyou
568 2563 647 2607 like
666 2566 714 2616 it,
739 2564 799 2607 V.
826 2581 863 2608 1.
891 2582 936 2609 11
959 2579 968 2608 ε
995 2564 1039 2607 It
1057 2567 1100 2608 is
1121 2569 1252 2608 meat
1274 2564 1372 2608 and
1393 2563 1536 2607 drink
1555 2569 1607 2608 to
1624 2578 1702 2607 me
1718 2569 1769 2607 to
1786 2578 1871 2607 see
1889 2578 1918 2608 a
1934 2564 2098 2608 clown
2116 2580 2126 2618 ;

380 2634 539 2689 Merry
569 2634 730 2686 Wives‚
755 2633 793 2676 Ι.
820 2650 857 2678 1.
882 2640 976 2677 306.

192 2707 296 2744 732
325 2716 344 2745 e
364 2702 473 2745 cellis
489 2704 804 2757 promptuarijs
822 2702 1031 2757 depromo.
1057 2701 1220 2746 Plaut.
1242 2701 1439 2756 Amphit.
1466 2701 1504 2745 I.
1527 2718 1563 2745 1.
1583 2721 1623 2758 4.
1640 2716 1666 2745 e
1683 2705 1988 2758 promtuaria
2005 2701 2133 2744 cella

383 2770 660 2827 depromar.

329 2839 369 2884 C
389 2844 504 2883 text.
527 2855 547 2883 e
566 2840 676 2883 cellis
690 2841 901 2894 penarz'js.
926 2839 1016 2894 Cp.
1040 2838 1143 2884 Cic.
1166 2840 1215 2883 de
1234 2840 1334 2883 Seu.
1361 2847 1425 2883 16.
1450 2844 1517 2883 56.

196 2914 228 2950 7
235 2913 431 2949 39-740
450 2909 559 2952 sieut
574 2910 601 2952 Ι
604 2910 792 2964 upiter...
814 2910 985 2952 Danaa
1003 2910 1050 2952 iu
1066 2909 1332 2963 gremium‚..
1354 2908 1531 2952 imbrem
1550 2923 1728 2953 aureum
1748 2910 1959 2953 immittat.

329 2976 440 3021 Ter.
463 2979 582 3021 Eun.
609 2977 700 3021 ΙΙΙ.
726 2982 765 3021 5.
796 2984 863 3030 36,
897 2984 946 3031 37
981 2993 990 3021 :
1027 2977 1199 3021 Iouem
1229 2977 1341 3036 Quo
1370 2983 1518 3034 pacto
1551 2978 1741 3022 Danaae
1770 2981 1967 3022 misisse
1999 2980 2136 3021 aiunt

386 3046 636 3101 quondam
657 3050 708 3090 in
728 3050 964 3101 gremium
987 3046 1193 3090 imbrem
1214 3060 1433 3091 aureum.

332 3114 422 3170 Cp.
462 3115 503 3158 F
507 3115 729 3159 raunce's
772 3116 964 3160 Victoria
1000 3116 1064 3159 II.
1098 3132 1137 3170 7.
1170 3132 1223 3171 49
1255 3131 1265 3159 :
1297 3121 1350 3159 vt
1382 3116 1464 3159 vel
1499 3115 1943 3161 Alchimisticam...
1980 3120 2135 3159 artem

390 3183 645 3227 didicerim
666 3184 763 3227 Per
784 3198 932 3238 quam
952 3183 1108 3227 imber
1128 3187 1179 3227 in
1200 3188 1441 3238 gremium
1461 3189 1598 3228 tuum
1619 3199 1798 3229 aureus
1819 3185 2007 3228 influat.

200 3257 306 3292 754
337 3255 451 3296 intus
470 3257 509 3296 et
527 3256 572 3296 iu
592 3256 694 3297 cute.
719 3252 809 3308 Cp.
836 3259 954 3306 1939.
979 3253 1117 3297 Pers.
1141 3254 1234 3297 Sat.
1261 3253 1353 3297 III.
1377 3260 1444 3297 30.

201 3325 310 3361 759
339 3323 500 3365 inimici
518 3336 582 3365 me
601 3324 810 3376 sanguine
838 3321 1057 3376 saginabo.
1082 3320 1184 3366 Cic.
1203 3325 1285 3377 pro
1315 3322 1424 3366 Sest.
1448 3329 1500 3376 78
1524 3337 1533 3366 ε
1558 3321 1863 3378 reipublicae
1894 3324 2134 3378 sanguine

393 3403 622 3445 sagman.

205 3463 307 3500 761
337 3459 496 3503 Exitus
516 3462 610 3502 acta
625 3458 831 3514 probabit.
856 3458 947 3502 Ov.
970 3460 1086 3504 Her.
1108 3459 1172 3502 II.
1191 3463 1241 3502 85
1267 3474 1276 3502 :
1301 3463 1461 3503 exitus
1484 3464 1595 3503 acta
1614 3458 1807 3516 probat.

206 3531 310 3567 772
345 3527 502 3571 Teucer
521 3527 597 3570 sub
617 3528 773 3582 Ajacis
791 3527 940 3584 clypeo.
967 3527 1115 3571 Hom.
1140 3529 1166 3570 I
1169 3528 1195 3570 l.
1219 3527 1361 3572 VIII.
1385 3535 1463 3582 267
1487 3534 1580 3571 etc.

340 3595 420 3638 Du
442 3595 632 3652 Bellay,
656 3596 853 3652 Defense,
880 3601 997 3651 1549,
1017 3595 1298 3640 dedication
1317 3611 1326 3640 :
1346 3610 1375 3640 a
1391 3596 1458 3640 fin
1479 3597 1657 3651 qu’elle
1679 3611 1734 3641 se
1755 3597 1916 3647 cache<
1931 3596 2139 3648 (comme

398 3662 548 3707 soubs
569 3664 616 3708 le
637 3663 859 3708 bouclier
886 3664 1079 3717 d'Aiax)
1109 3670 1279 3709 contre
1307 3665 1382 3709 les
1414 3669 1584 3710 traictz
1614 3669 1955 3710 enuenimez...
1988 3663 2139 3710 soubs

394 3731 597 3776 l’ombre
621 3732 682 3777 de
701 3738 777 3777 tes
799 3732 937 3778 ailes.
