2444 4140
349 153 447 194 120

509 293 733 350 Harvey,
770 293 948 336 Rhetor.
987 291 1028 336 P
1058 305 1109 335 1v
1143 306 1153 335 :
1185 291 1294 336 haec
1324 295 1393 336 ita
1431 291 1575 336 vobis
1617 307 1731 337 cum
1767 297 1972 340 omnino
2007 299 2191 350 omnia,
2227 301 2332 341 tum

565 363 817 419 sigillatim
839 361 1038 416 singula
1058 360 1321 414 pollicetur
1344 361 1664 407 Exercitatio.

371 436 482 472 839
510 435 819 487 ignorationem
859 445 1091 475 causarum
1129 431 1326 475 Matrem
1365 445 1452 475 esse
1496 434 1676 477 erroris.
1718 432 1827 477 The
1873 434 2057 490 phrase
2097 450 2123 474 «
2142 439 2332 493 ignora-

562 505 749 545 tionem
772 513 1037 544 causarum
1052 513 1079 538 >2
1100 513 1277 545 occurs
1300 504 1350 544 in
1372 499 1475 546 Cic.
1500 502 1643 545 Acad.
1667 502 1706 546 Ι.
1731 518 1798 556 29.
1822 505 1979 561 adfin.
2013 505 2112 549 and
2132 519 2159 544 «
2174 511 2331 550 mater

564 574 742 615 erroris
760 584 786 608 υ
807 573 858 613 in
881 571 941 613 A.
965 568 1198 624 Gartner‚
1221 570 1435 623 Dicteria,
1463 575 1584 627 1574,
1608 586 1656 627 p.
1681 588 1735 628 40
1753 571 1786 616 b
1810 588 1819 617 :
1845 573 2041 619 Erroris
2062 580 2221 619 mater
2241 575 2332 620 fuit

565 643 896 695 aequivocatio
919 653 1132 695 semper.

371 715 481 751 840
510 724 593 755 uon
615 723 789 754 causam
804 713 887 765 pro
908 723 1054 753 causa.

508 779 731 835 Harvey,
762 779 900 823 Three
916 782 1075 835 proper
1094 778 1235 824 letters
1254 777 1497 831 (Grosart,
1518 780 1557 824 I.
1581 780 1669 833 63.)
1691 796 1700 826 :
1722 781 1877 826 Least
1891 781 2098 840 happily
2116 783 2332 841 through
2402 759 2405 761 ι

562 863 684 894 ouer
706 854 847 905 great
879 847 1139 893 credulitie
1175 849 1275 893 and
1303 849 1591 903 rashnesse,
1623 865 1703 895 we
1731 851 1943 896 mistake
1976 851 2095 897 Non
2125 867 2331 898 causam

562 933 652 975 pro
674 932 845 963 causa.

505 993 719 1046 apparens
740 989 894 1032 bouum
908 994 991 1045 pro
1011 1002 1109 1033 vero
1130 987 1248 1033 bono.

507 1059 564 1103 E.
591 1059 898 1107 Sowernam,
922 1060 1057 1103 Ester
1077 1058 1146 1103 &c
1171 1070 1181 1100 ε
1201 1058 1441 1104 Aristotle
1464 1059 1595 1104 saith
1612 1060 1773 1105 Omnia
1788 1064 1990 1117 appetunt
2003 1062 2170 1107 bouum.
2188 1061 2331 1120 They

559 1128 663 1172 will
705 1142 986 1173 answere...
1028 1128 1126 1172 this
1165 1131 1351 1173 maxime
1390 1128 1513 1174 with
1553 1144 1582 1174 a
1618 1129 1923 1184 distinction,
1961 1130 2067 1176 that
2101 1131 2254 1177 bonum
2287 1135 2330 1177 is

561 1198 761 1255 duplex,
785 1201 863 1243 aut
880 1212 1030 1244 verum
1049 1200 1126 1243 aut
1142 1202 1372 1254 apparens.

369 1274 474 1310 853
506 1271 737 1313 causativo.

507 1338 741 1390 Kaulich,
772 1339 918 1383 Eutzv.
950 1338 1027 1382 der
1052 1338 1179 1382 schol.
1212 1338 1334 1383 Phil.
1370 1337 1408 1382 Ι.
1446 1346 1538 1393 164,
1572 1343 1749 1394 quotes
1779 1338 1891 1393 Joh.
1924 1339 2105 1385 Scotus
2140 1356 2149 1385 :
2183 1332 2330 1386 omne

561 1412 873 1452 causativum
896 1422 1093 1463 semper
1114 1411 1166 1451 in
1187 1421 1342 1453 causa
1365 1407 1607 1453 subsistit.

370 1483 480 1519 854
508 1481 785 1534 operativum,
810 1482 891 1521 i.e.
914 1478 998 1521 the
1021 1476 1249 1522 effective
1272 1491 1441 1523 cause.

370 1553 481 1589 855
513 1551 599 1592 uisi
613 1550 879 1604 supponatur
899 1548 1046 1604 aliqua
1075 1547 1372 1604 appetibilitas,
1406 1547 1526 1592 nulla
1559 1548 1820 1604 relinquitur
1844 1548 2106 1605 possibilitas
2147 1551 2331 1595 Vuiouis

559 1632 654 1662 cum
673 1618 838 1673 objecto.

486 1687 727 1744 Scaliger,
751 1688 799 1731 de
818 1687 940 1732 Subt.
965 1700 1039 1733 CCI
1063 1702 1073 1732 :
1097 1687 1254 1732 Amor
1275 1692 1351 1731 est
1372 1687 1581 1733 affectus
1610 1691 1861 1733 unionis...
1888 1688 2057 1733 Non...
2083 1694 2159 1734 est
2180 1704 2329 1746 appe-

558 1761 728 1801 titus...
754 1760 1006 1814 appetitus
1028 1757 1211 1801 accidit
1231 1757 1420 1801 Amori.

367 1831 474 1868 862
504 1842 587 1871 uon
610 1842 756 1871 sum...
781 1842 800 1871 e
821 1828 935 1871 silice
958 1829 1100 1871 uatus.
1125 1825 1216 1881 Cp.
1240 1833 1365 1873 2383.

506 1896 610 1942 Cic.
640 1897 768 1941 Tuse.
795 1897 888 1941 III.
912 1904 937 1941 6
962 1912 971 1941 :
994 1911 1098 1941 non
1120 1896 1259 1942 silice
1280 1900 1384 1941 nati
1407 1911 1595 1941 sumus.
1619 1895 1716 1943 See
1737 1895 1919 1941 below.

507 1966 548 2012 C
577 1972 680 2011 text
705 1979 713 2008 :
747 1981 767 2010 e
796 1968 909 2011 silice
939 1969 1068 2011 uatus
1097 1970 1176 2011 aut
1203 1967 1369 2011 dolatus
1403 1982 1422 2010 e
1456 1966 1619 2011 robore.
1650 1990 1705 1997 —
1740 1967 1891 2011 Hom.
1925 1967 2010 2012 Od.
2046 1967 2180 2017 XIX,
2217 1974 2327 2013 163:

567 2038 619 2083 οὐ
656 2041 741 2103 γὰρ
778 2039 866 2083 ἀπὸ
906 2036 1036 2103 δρυὸς
1075 2035 1166 2084 ἔσσι
1210 2037 1494 2104 παλαιφάτου
1532 2036 1626 2083 ὄυδ’
1668 2038 1756 2084 ἀπὸ
1794 2038 1979 2103 πέτρης,
2015 2046 2235 2104 Applied
2263 2045 2331 2103 by

561 2120 795 2166 Socrates
813 2126 864 2165 to
881 2119 1106 2175 himself3
1128 2119 1258 2165 Plat.
1276 2121 1405 2177 Apol.
1429 2120 1618 2165 XXIII.
1643 2120 1689 2165 D
1714 2133 1724 2162 :
1749 2120 1841 2168 0’08’
1865 2122 1953 2186 ἐγὼ
1976 2122 2064 2168 ἀπὸ
2086 2120 2215 2187 δρυὸς
2235 2119 2329 2167 οὐδ’

565 2193 653 2238 ἀπὸ
680 2192 846 2257 πέτρης
873 2191 1068 2257 πέφυκα.

365 2280 471 2316 862
501 2279 578 2320 aut
595 2275 776 2330 tygride.

506 2345 656 2401 Verg.
681 2346 795 2388 Aeu.
818 2344 903 2388 IV.
925 2351 1018 2393 366,
1039 2350 1118 2398 367
1140 2359 1149 2388 :
1170 2344 1306 2388 duris
1323 2348 1495 2399 genuit
1511 2349 1561 2388 te
1580 2343 1808 2388 cautibus
1824 2344 2034 2389 horrens
2052 2343 2326 2398 Caucasus,

565 2415 920 2472 Hyrcanaeque
938 2413 1208 2458 admorunt>
1221 2413 1377 2458 ubera
1398 2417 1567 2470 tigres.

369 2490 603 2526 864-865
627 2484 826 2529 Didus...
850 2483 1066 2541 Sapphus.

508 2555 597 2612 Cp.
625 2555 878 2604 Erasmus,
914 2554 1149 2610 Colloquia.
1182 2555 1320 2609 Virgo
1341 2555 1624 2619 Μισογαμος,
1655 2553 1732 2598 ed.
1767 2553 1978 2610 Gryph.,
2017 2553 2179 2610 Lugd.
2227 2557 2331 2598 1538

563 2653 619 2682 or
643 2642 764 2694 1541,
788 2653 835 2693 p.
864 2645 957 2690 185,
981 2641 1174 2694 margin
1199 2650 1208 2679 :
1233 2636 1468 2694 Sapphus
1499 2636 1642 2692 [used
1671 2637 1739 2694 by
1770 2638 2011 2682 Erasmus
2033 2640 2084 2681 in
2102 2636 2182 2682 his
2211 2635 2331 2692 text]

562 2712 811 2765 genitivus
848 2713 924 2753 est
952 2721 1147 2764 graecus
1179 2711 1307 2751 sicut
1344 2707 1506 2761 διδοῦς.

372 2783 479 2819 877
509 2780 700 2836 Quasi...
724 2782 862 2823 virtus
883 2779 970 2822 sola
986 2782 1067 2834 per
1086 2792 1130 2822 se
1150 2792 1233 2821 non
1253 2777 1463 2837 sufficiens
1481 2780 1538 2822 sit
1557 2777 1616 2821 ad
1634 2776 1943 2821 beatitudinem.

508 2848 598 2904 Cp.
624 2847 728 2893 Cic.
754 2849 895 2892 Acad.
922 2848 959 2891 Ι.
983 2861 1049 2892 v1.
1074 2862 1126 2892 22
1158 2860 1167 2888 :
1201 2850 1360 2891 omnis
1393 2846 1479 2891 illa
1510 2849 1714 2901 antiqua
1744 2845 2066 2902 philosophia
2097 2848 2252 2890 sensit
2281 2848 2333 2889 in

562 2932 662 2962 una
682 2922 863 2961 virtute
886 2932 1000 2961 esse
1020 2920 1238 2973 positam
1260 2916 1460 2960 beatam
1480 2919 1648 2967 vitam,
1672 2929 1766 2959 nec
1787 2920 1952 2959 tamen
1973 2914 2329 2968 beatissimam,

564 2991 660 3032 nisi
683 2988 1071 3043 adjungerentur
1094 2991 1142 3030 et
1163 2989 1404 3044 corporis,
1437 2991 1485 3029 et
1515 2991 1683 3030 cetera
1713 2999 1823 3040 quae
1856 2999 2008 3041 supra
2037 2984 2170 3029 dicta
2201 2989 2331 3035 sunt,

564 3057 628 3102 ad
650 3061 843 3102 virtutis
865 3070 1013 3101 usum
1033 3056 1230 3100 idonea.

374 3131 480 3167 870
511 3129 555 3170 F
557 3130 761 3171 (emina...
786 3130 953 3172 natura
972 3139 1098 3170 error
1116 3128 1207 3170 siue
1227 3125 1433 3170 debilitas.
1458 3124 1551 3181 Cp.
1575 3132 1651 3179 671
1675 3139 1720 3169 u.

513 3203 664 3246 Arist.
685 3204 733 3246 de
750 3203 948 3246 Animal.
974 3201 1085 3246 Gen.
1111 3199 1187 3244 III
1213 3214 1222 3243 ε
1241 3199 1292 3243 τὸ
1313 3197 1399 3261 γάρ
1422 3195 1532 3252 θῆλυ
1555 3197 1706 3260 ὥσπερ
1728 3193 1856 3260 ἄρρεν
1878 3194 1967 3240 ἐστὶ
1985 3192 2327 3259 πεπηρωμένον.

566 3281 662 3326 See
686 3283 792 3327 also
815 3282 880 3327 ib.
906 3282 993 3325 IV.
1016 3289 1057 3326 6.
1085 3298 1169 3335 11.,
1194 3279 1280 3324 IV.
1306 3286 1346 3323 3.
1370 3296 1410 3324 2.

510 3350 560 3395 S.
598 3351 773 3396 Thom.
813 3353 908 3406 Aq.
942 3353 991 3396 S.
1030 3352 1113 3396 Th.
1149 3351 1187 3394 I.
1219 3366 1287 3403 99.
1321 3365 1345 3394 2
1374 3363 1384 3392 :
1420 3348 1604 3392 Dicit...
1644 3346 1984 3401 Philosophus
2020 3349 2071 3390 in
2101 3343 2186 3389 lib.
2211 3360 2235 3388 2
2271 3343 2333 3388 de

566 3426 888 3476 generatione
912 3420 1200 3465 animalium
1222 3418 1357 3475 quod
1377 3417 1579 3462 foemina
1603 3422 1677 3461 est
1694 3430 1800 3460 mas
1818 3419 2169 3461 occasionatus
2189 3416 2360 3469 quasi.

567 3497 746 3545 praeter
782 3495 1107 3535 intentionem
1148 3494 1337 3533 naturae
1366 3490 1684 3545 proveniens.
1708 3486 1762 3529 ib.
1796 3501 1863 3539 92.
1891 3502 1909 3530 1
1938 3498 1946 3526 :
1972 3483 2328 3540 Respondeo...

2417 2994 2444 3435 ⁶·**>·¹²a³-‘=·m.-.1..-.er;.;..2
2439 2923 2444 2955 ,,
2440 2881 2444 2890 ,Α

2411 3486 2430 3530 73?

2416 3539 2427 3568 ³

568 3560 834 3604 dicendum
856 3560 990 3616 quod
1012 3573 1101 3617 per
1120 3564 1408 3616 respectum
1429 3556 1493 3601 ad
1514 3561 1742 3600 naturam
1763 3554 2115 3612 particularem
2131 3553 2332 3596 foemina
2408 3574 2442 3626 ἶ

569 3635 645 3673 est
667 3630 855 3684 aliquid
879 3630 1117 3674 deficiens
1139 3628 1179 3673 &
1200 3630 1578 3672 occasionatum
1599 3628 1717 3681 quia
1737 3628 1892 3668 virtus
1922 3627 2083 3668 activa
2115 3636 2225 3678 quae
2256 3625 2331 3665 est

571 3701 622 3741 in
645 3702 833 3742 semine
855 3702 1006 3743 maris
1028 3698 1240 3743 intendit
1261 3696 1541 3752 producere
1563 3694 1657 3739 sibi
1679 3693 1837 3739 simile
1860 3692 2134 3750 perfectum
2164 3704 2333 3736 secun·
2398 3683 2437 3738 Σ
