2444 4140
200 752 316 802 1065

201 1143 320 1191 1070

201 1507 317 1569 1075

199 1887 318 1934 1080

199 2262 316 2312 1085

199 2656 319 2702 1090

201 3019 315 3080 1095

751 443 1063 499 Pedantius
1086 443 1138 497 A
1155 485 1166 497 .
1196 453 1267 496 ΙΙ.
1294 441 1385 496 Sc.
1414 453 1518 500 ΙΙΙ.
1931 442 1995 496 31

360 600 523 649 debes
556 606 606 648 te
642 614 911 660 opponere
945 596 1071 645 huic
1105 597 1176 645 ita
1209 597 1544 646 diametraliter
1567 597 1630 657 (Sc
1651 603 1909 657 tanquam
1943 597 1999 645 in

363 677 482 724 linea
503 675 756 736 Ecliptica)
780 671 1027 733 negando
1053 672 1198 732 quod
1222 679 1388 733 rogat.

422 753 540 800 Ped.
587 753 798 799 Intuere
839 749 1058 798 obsecro
1099 766 1220 797 cum
1263 750 1726 798 commiseratione
1766 748 1998 809 quadam

361 827 707 875 evisceratum
739 826 841 874 hoc
875 824 917 872 δε
951 841 1191 885 exangue
1225 841 1419 886 corpus
1454 825 1698 886 Pedantij
1724 826 1819 883 tui,
1847 825 1999 886 cujus

361 919 452 951 cor
474 908 551 950 tot
573 902 770 963 patitur
792 900 1019 958 dolores,
1042 906 1172 960 quot
1190 906 1314 949 sunt
1331 900 1387 948 in
1411 917 1602 962 campo
1619 901 1777 949 flores
1801 917 1810 948 :
1835 901 2001 962 Splen

363 977 528 1039 (quod
552 976 721 1025 ridere
744 975 890 1036 facit)
909 977 1019 1037 jam
1054 976 1397 1024 lamentabile
1433 983 1619 1035 sonat3
1659 978 1813 1025 Iecur
1844 976 2003 1037 pusil-

362 1054 534 1102 lulum
569 1051 797 1100 corradit
830 1051 872 1098 δε
906 1050 1138 1100 corrodit
1175 1052 1337 1112 aquila
1374 1053 1652 1113 Promethej,
1681 1069 1774 1101 seu
1797 1053 1997 1111 Amor3

361 1128 610 1176 intestina
633 1126 1014 1188 cupiditatibus
1033 1127 1205 1187 (quasi
1229 1127 1476 1176 furiarum
1498 1127 1648 1176 taedis
1672 1126 2001 1187 ardentibus)

362 1202 728 1260 incenduntur,
765 1203 1085 1251 ventriculus
1119 1203 1251 1264 (sive
1285 1204 1619 1265 superiorem,
1657 1203 1766 1251 sive
1800 1202 2005 1251 inferio-

362 1297 461 1328 rem
486 1278 712 1340 spectes)
736 1280 937 1326 AEstuat
956 1283 1010 1326 ut
1040 1279 1208 1326 clausis
1229 1279 1420 1327 rabidus
1438 1270 1713 1340 fornacibus
1744 1278 1884 1340 ignis.
1912 1278 2000 1327 Sic

361 1354 582 1415 vndiqne
613 1356 781 1403 Amor
813 1355 886 1415 tuj
924 1360 1074 1413 astat,
1101 1354 1143 1401 δε
1176 1355 1335 1403 instat
1367 1361 1623 1415 tanquam
1657 1354 1908 1403 Hannibal
1939 1356 2001 1402 ad

356 1435 528 1492 portas,
563 1436 622 1479 ut
649 1431 759 1492 jam
799 1431 1009 1479 nullum
1050 1431 1116 1478 sit
1156 1431 1430 1491 effugium,
1467 1431 1570 1479 nisi
1609 1437 1666 1479 tu
1705 1429 1799 1479 des
1838 1429 2002 1491 refug-

363 1507 475 1555 ium
503 1523 513 1554 :
539 1512 589 1554 te
612 1512 736 1567 peto
772 1512 828 1555 ut
850 1511 1082 1567 portum,
1112 1512 1169 1555 ut
1203 1524 1365 1565 aram,
1393 1513 1451 1555 ut
1472 1507 1717 1568 Asylum,
1745 1506 1994 1567 denique,

361 1589 419 1631 ut
436 1586 679 1644 patronam
707 1598 725 1629 ε,
745 1583 788 1630 si
812 1580 1011 1630 deseris
1034 1588 1108 1640 tu,
1135 1583 1389 1643 perimus.

421 1659 543 1706 Dro.
568 1656 732 1706 Vides
752 1658 861 1719 jam
886 1657 1032 1706 hunc
1054 1664 1104 1706 te
1128 1658 1571 1720 inexplicabiliter
1603 1676 1798 1718 amare,
1825 1659 1868 1706 δε
1890 1665 2000 1708 toto

358 1734 552 1795 jecore,
589 1734 673 1782 vel
714 1733 792 1794 (ut
832 1734 1026 1794 vulgus
1065 1732 1213 1794 dicit)
1246 1740 1358 1782 toto
1393 1734 1585 1794 corde;
1628 1734 1722 1784 sed
1760 1735 1996 1793 abusive,

361 1826 485 1857 nam
524 1809 662 1871 Cogit
694 1826 846 1856 amare
875 1810 1022 1870 jecur.
1068 1810 1246 1871 Quare
1281 1810 1647 1872 osten-[61]das
1681 1817 1731 1859 te
1767 1811 1999 1859 vicissim

360 1885 486 1934 huic
519 1901 632 1933 esse
667 1885 998 1942 correlativum,
1037 1887 1185 1933 cordis
1218 1887 1360 1934 enim
1394 1886 1554 1935 relatio
1587 1886 1746 1935 debet
1779 1903 1892 1935 esse
1921 1903 1931 1934 :
1958 1885 2001 1933 ἃ

360 1961 452 2020 qui
490 1967 781 2021 tanguntur
819 1977 943 2009 vero
983 1963 1197 2020 Amore,
1235 1961 1432 2010 debent
1469 1963 1642 2010 ratione
1680 1962 1876 2026 dffrre,
1913 1979 2001 2010 non

358 2040 505 2084 antem
544 2054 591 2084 re
630 2055 645 2084 .·
690 2036 1021 2085 tractabilem
1060 2038 1251 2098 virgini
1291 2039 1541 2086 convenit
1581 2055 1694 2087 esse
1738 2038 1911 2100 primo
1956 2037 1999 2084 δε

358 2112 737 2173 principaliter.
782 2111 992 2161 Deinde
1032 2112 1221 2162 doctus
1265 2114 1352 2161 hic
1397 2119 1491 2180 est,
1534 2113 1578 2160 &
1626 2114 2000 2174 Magistraliter

359 2186 641 2236 facundus.
671 2188 812 2236 Nam
837 2188 973 2236 sicut
996 2189 1051 2236 in
1083 2190 1439 2250 septentrione
1473 2205 1606 2238 vrsae
1639 2195 1842 2251 septem
1876 2195 2000 2238 sunt

361 2264 526 2311 stellae
548 2279 558 2321 ;
586 2264 661 2311 sic
686 2264 741 2311 in
765 2264 914 2312 istius
938 2265 1110 2325 capite
1134 2270 1327 2325 septem
1351 2271 1475 2314 sunt
1504 2266 1754 2323 scientiae,
1782 2282 1998 2325 quarum

360 2339 638 2387 harmonia
683 2355 833 2399 aeque
874 2345 952 2387 est
990 2339 1211 2397 musica,
1255 2357 1316 2388 ac
1356 2339 1588 2388 melodia
1634 2340 1749 2402 ipsa
1794 2346 1996 2401 septem

358 2415 700 2475 planetarum,
729 2414 1016 2463 secundum
1040 2416 1377 2476 Pythagoram.

421 2491 548 2551 Lyd.
579 2490 794 2538 Frustra
827 2489 1095 2548 laboratis,
1133 2507 1281 2538 meos
1316 2491 1459 2539 enim
1493 2507 1700 2539 amores
1729 2491 1839 2552 jam
1874 2496 1996 2539 ante

361 2566 491 2614 alter
513 2564 766 2626 possidet.

422 2642 539 2689 Ped.
585 2641 730 2689 Proh
769 2640 930 2690 deum
970 2647 1128 2701 atque
1167 2641 1449 2690 hominum
1489 2641 1684 2690 fidem!
1726 2643 1848 2690 Ante
1880 2645 1999 2690 rates

360 2733 541 2764 causam
560 2718 585 2764 ,Ρ
616 2717 673 2764 (ξε
706 2733 872 2764 mecum
906 2716 1134 2776 confertur
1169 2717 1405 2775 Crobolns,
1431 2716 1657 2779 putridae
1690 2718 1862 2772 carnis
1895 2718 1999 2766 ani-

360 2793 484 2850 mal,
512 2798 661 2841 terrae
694 2792 853 2851 filius,
892 2792 1094 2840 infoelix
1128 2793 1416 2854 reipublicae
1448 2793 1654 2851 lolium,
1681 2793 1767 2842 cui
1798 2793 1885 2841 vix
1919 2798 1997 2841 est

360 2869 416 2916 in
439 2869 647 2917 sentina
669 2869 820 2917 locus
842 2885 853 2927 ;
880 2885 1039 2928 quem
1067 2885 1164 2929 ego
1199 2868 1421 2927 docebo,
1449 2867 1579 2928 quid
1613 2869 1679 2916 sit
1712 2869 1906 2917 irruere
1940 2868 1996 2917 in

360 2943 560 2992 alienas
598 2945 981 3005 possessiones.
1019 2944 1102 2993 Tu
1144 2944 1353 2993 interim
1394 2943 1523 2993 dum
1563 2944 1721 3005 eripis
1759 2945 1993 2994 animam

360 3019 460 3067 isto
485 3019 646 3068 modo
671 3019 819 3078 mihi,
846 3019 889 3066 δε
911 3019 1052 3078 furti,
1080 3019 1122 3066 &
1146 3020 1402 3080 sacrilegij
1430 3020 1574 3080 (nam
1598 3036 1749 3068 mens
1773 3036 1891 3068 mea
1913 3036 1996 3068 res

359 3093 540 3143 divina
563 3098 661 3152 est)
685 3094 727 3142 ἃ
750 3094 1022 3156 homicidij
1049 3112 1137 3143 rea
1164 3112 1236 3143 es.

362 3170 500 3217 Sane
525 3169 671 3229 quod
696 3171 823 3219 olim
848 3170 980 3219 dixit
1005 3171 1166 3220 iratus
1189 3170 1425 3219 Achilles
1454 3187 1463 3218 :

422 3246 599 3306 Corqne
621 3263 764 3294 meum
781 3246 962 3307 penitus
985 3247 1199 3308 turgescit
1219 3246 1422 3294 tristibus
1444 3245 1545 3293 iris.
1575 3245 1670 3307 [62]

417 3321 538 3369 Dro.
567 3320 712 3383 Quid
731 3322 749 3369 Ρ
771 3327 924 3372 tuum
947 3322 1051 3372 hoc
1075 3339 1268 3384 corpus
1293 3321 1578 3372 aethereum
1596 3326 1652 3370 vt
1669 3319 1803 3372 illud
1821 3321 1993 3372 lutum
