2444 4140
744 432 1054 486 Pedantius
1078 433 1159 487 A.
1197 442 1253 485 V.
1283 433 1374 487 Se.
1411 442 1498 486 VI.
1923 445 1991 502 79

189 585 309 648 2775
414 586 535 634 Dro,
575 584 719 648 Quid
757 585 935 647 ploras
976 586 1299 635 Heraclitice
1338 601 1633 647 evaporans
1676 600 1835 634 voces
1879 602 1991 634 non

352 662 528 710 solum
553 660 803 719 diversas,
830 660 924 710 sed
951 662 1110 723 plane
1134 661 1513 719 dissentaneaS,
1540 666 1782 722 respectu
1807 660 1987 710 Philo-

352 736 592 797 sophiae?
634 737 877 797 AEgrotat
918 736 1138 785 fortasse
1183 738 1273 786 illa
1328 753 1391 786 ex
1444 735 1706 785 desiderio
1751 735 1987 797 quodam

353 812 653 873 impetuoso
677 813 772 861 tui.

413 889 533 936 Ped.
561 888 649 936 Sic
673 904 772 949 ego
798 893 993 949 aegroto
1018 905 1080 937 ex
1109 887 1372 937 desiderio
1395 888 1509 950 ejus
1532 886 1767 948 quodam
1801 888 1988 950 impet-

189 965 311 1024 2780
354 979 519 1087 Ποὲἶ.
564 1039 888 1101 Concrepuit
926 1040 1036 1101 jam
1076 1040 1271 1089 ostium
1311 1039 1380 1088 ab
1418 1055 1512 1099 ea3
1560 1045 1829 1102 expectate
1872 1055 1988 1101 par-

351 1131 556 1176 umper.

754 1232 931 1286 Actus
958 1233 1219 1303 Quintus.
1248 1232 1424 1285 Scena

999 1357 1172 1405 Sexta.

187 1474 308 1536 2785
620 1474 962 1523 Tvsc1D1LLA.
990 1475 1127 1523 PED.
1161 1475 1554 1522 DROMODOTVS.

806 1592 1088 1640 CROBoLvs
1112 1592 1383 1640 cucullata&

418 1709 479 1757 T.
524 1709 614 1757 Me
653 1708 934 1757 miseram!
978 1707 1108 1769 quid
1146 1708 1250 1757 hoc
1286 1709 1515 1769 portenti
1556 1708 1670 1757 est?
1712 1709 1986 1770 Virginem

352 1785 662 1833 tenellulam
686 1785 856 1846 perire
878 1791 987 1833 tam
1011 1784 1205 1843 subito,
1232 1784 1391 1833 etiam
1415 1784 1734 1834 instantibus
1757 1785 1989 1847 nuptijs?

354 1860 552 1908 Nonne
576 1861 799 1909 monstri
823 1860 996 1909 simile
1019 1860 1136 1909 est?

188 1949 311 1997 2790
412 1936 532 1984 Ped.
561 1935 908 1994 Dromodote,
937 1934 1267 1984 Dromodote
1294 1951 1305 1983 ε
1343 1934 1490 1985 aufer
1515 1934 1642 1997 [159]
1679 1935 1810 1984 mihi
1843 1934 1988 1985 hunc

349 2011 743 2072 pugiunculum
782 2028 963 2061 meum
1002 2012 1124 2070 cito,
1162 2028 1229 2060 ne
1263 2027 1382 2060 mea
1415 2027 1501 2060 me
1539 2028 1703 2061 manu
1743 2010 1985 2061 occidam

353 2087 515 2135 illico.
546 2086 719 2148 Lydia
742 2093 950 2137 mortua
974 2094 1069 2136 est.

411 2163 534 2211 Dro.
578 2163 634 2211 Si
671 2169 881 2212 mortua
919 2169 1013 2221 est,
1055 2169 1134 2211 est
1176 2168 1402 2212 mortua.
1452 2163 1623 2211 Mater
1665 2179 1784 2211 mea
1828 2163 1986 2212 etiam

352 2243 559 2287 mortua
584 2244 662 2286 est
687 2255 698 2286 :
728 2238 878 2300 Quid
895 2233 1007 2287 tum
1031 2245 1215 2300 postea
1236 2239 1254 2286 ?
1279 2240 1394 2286 Iam
1418 2255 1541 2287 cum
1565 2238 1771 2287 coeteris
1795 2239 1987 2287 animis

189 2313 309 2375 2795
353 2314 606 2374 separatis
645 2314 700 2362 in
739 2315 947 2375 galaxia
986 2331 1079 2363 seu
1119 2315 1204 2362 via
1237 2315 1406 2363 lactea
1439 2313 1724 2363 cohabitat.
1763 2314 1832 2362 Et
1865 2314 1988 2362 licet

351 2388 524 2437 fuistis
562 2405 656 2437 vos
690 2388 798 2438 duo
836 2390 1079 2438 Relativa
1117 2396 1238 2439 actu
1278 2390 1527 2450 (quorum
1563 2396 1641 2438 est
1673 2405 1788 2438 sese
1827 2389 1986 2438 simul

354 2480 552 2526 ponere
577 2463 620 2511 ἃ
643 2464 863 2523 auferre,
886 2471 943 2514 ut
966 2465 1176 2514 sublato
1202 2481 1309 2514 uno
1334 2466 1548 2514 tollatur
1565 2465 1723 2513 etiam
1742 2463 1986 2524 alterum)

353 2546 532 2588 tamen
572 2556 633 2588 ea
670 2541 964 2602 proprietas
1001 2541 1345 2589 relatiuorum
1390 2539 1455 2589 de
1499 2539 1723 2588 vocibus
1762 2539 1987 2600 intelligi

353 2614 530 2674 debet,
557 2631 668 2664 non
690 2614 756 2664 de
779 2615 938 2665 rebus
962 2616 1089 2677 ipsis
1118 2632 1128 2663 ε
1155 2616 1333 2676 itaque
1367 2615 1575 2664 sublata
1603 2615 1712 2676 jam
1738 2614 1982 2676 conjuge,

190 2691 312 2739 2800
353 2690 547 2751 maritus
570 2692 727 2739 etiam
753 2691 989 2749 moritur,
1016 2707 1127 2742 non
1150 2697 1327 2740 autem
1349 2690 1624 2739 Pedantius.

413 2767 532 2814 Ped.
563 2766 614 2815 N
619 2767 939 2827 equiequam
965 2765 1158 2815 suades
1184 2764 1512 2815 Dromodote
1540 2781 1550 2813 :
1574 2765 1692 2814 Vitae
1707 2781 1795 2812 non
1811 2764 1981 2826 pigeat,

352 2841 615 2902 cumfunus
637 2846 819 2890 amatur
837 2843 862 2890 ,Ρ
884 2841 937 2890 id
961 2848 1055 2900 est,
1082 2859 1204 2891 cum
1229 2843 1395 2890 Amor
1414 2840 1656 2890 funestus
1678 2839 1721 2886 δι
1750 2839 1988 2888 funebris

353 2917 435 2965 sit.
470 2917 605 2966 Mihi
630 2934 754 2978 ergo
778 2934 860 2966 res
883 2917 951 2966 ad
974 2918 1153 2966 restim
1177 2916 1346 2978 iedijt.

418 2993 532 3040 TuS.
563 2993 819 3042 Moritura
842 2992 975 3041 nihil
1002 3008 1137 3053 aegre
1161 2993 1296 3050 tulit,
1323 2992 1425 3040 nisi
1450 2990 1595 3052 quod
1619 2991 1852 3039 animam
1876 3007 1986 3039 non

191 3066 311 3114 2805
355 3066 586 3115 efflaret'
574 3084 628 3116 1n
653 3068 772 3116 sinu
796 3068 891 3116 viri
916 3068 1058 3116 illius
1082 3067 1221 3116 docti
1247 3066 1290 3114 ἃ
1313 3065 1761 3128 incomparabilis.

417 3143 526 3192 Cro,
552 3144 623 3192 At
651 3144 899 3204 quisnam
934 3149 1043 3192 eiat
1075 3144 1164 3191 ille
1197 3143 1276 3191 vir
1309 3141 1664 3199 doctissimuS‚
1691 3141 1843 3203 cujus
1875 3146 1984 3190 tam

353 3218 536 3266 crebro
559 3224 636 3266 tot
658 3235 781 3268 cum
806 3219 1044 3280 suspirijs
1069 3219 1395 3267 mentionem
1418 3216 1578 3266 fecit?
1602 3216 1729 3278 [160]

414 3294 533 3348 Ped.
557 3295 685 3343 Erat
702 3310 794 3357 ego,
823 3294 887 3357 (si
909 3294 982 3344 ita
1014 3293 1162 3360 loqui
1196 3292 1396 3354 liceret)
1419 3292 1512 3360 qui
1545 3291 1588 3341 si
1622 3297 1698 3345 tot
1731 3291 1982 3346 haberem
