<?xml version="1.0" encoding="UTF-8"?>
<!DOCTYPE html PUBLIC "-//W3C//DTD XHTML 1.0 Transitional//EN"
    "http://www.w3.org/TR/xhtml1/DTD/xhtml1-transitional.dtd">
<html xmlns="http://www.w3.org/1999/xhtml" xml:lang="en" lang="en">
 <head>
  <title>
</title>
<meta http-equiv="Content-Type" content="text/html;charset=utf-8" />
  <meta name='ocr-system' content='tesseract 3.04.00' />
  <meta name='ocr-capabilities' content='ocr_page ocr_carea ocr_par ocr_line ocrx_word'/>
</head>
<body>
  <div class='ocr_page' id='page_1' title='image "./pedantiuslatinco00forsuoft_0085.png"; bbox 0 0 2444 4140; ppageno 0'>
   <div class='ocr_carea' id='block_1_1' title="bbox 756 421 2035 514">
    <p class='ocr_par' dir='ltr' id='par_1_1' title="bbox 756 421 2035 514">
     <span class='ocr_line' id='line_1_1' title="bbox 756 421 2035 514; baseline 0 -16"><span class='ocrx_word' id='word_1_1' title='bbox 756 443 1065 499; x_wconf 82' lang='lat' dir='ltr'>Pedantius</span> <span class='ocrx_word' id='word_1_2' title='bbox 1089 445 1142 498; x_wconf 80' lang='lat' dir='ltr'><em>A</em></span> <span class='ocrx_word' id='word_1_3' title='bbox 1157 487 1169 499; x_wconf 93' lang='lat'>.</span> <span class='ocrx_word' id='word_1_4' title='bbox 1193 454 1235 496; x_wconf 87' lang='grc' dir='ltr'>Ι.</span> <span class='ocrx_word' id='word_1_5' title='bbox 1263 421 1352 499; x_wconf 74' lang='lat' dir='ltr'>Se.</span> <span class='ocrx_word' id='word_1_6' title='bbox 1380 454 1408 497; x_wconf 88' lang='grc' dir='ltr'><em>Ι</em></span> <span class='ocrx_word' id='word_1_7' title='bbox 1417 453 1476 497; x_wconf 91' lang='lat' dir='ltr'>V.</span> <span class='ocrx_word' id='word_1_8' title='bbox 1970 460 2035 514; x_wconf 86' lang='lat'>19</span> 
     </span>
    </p>
   </div>
   <div class='ocr_carea' id='block_1_2' title="bbox 260 596 2050 3395">
    <p class='ocr_par' dir='ltr' id='par_1_2' title="bbox 455 596 2032 659">
     <span class='ocr_line' id='line_1_2' title="bbox 455 596 2032 659; baseline 0 -14"><span class='ocrx_word' id='word_1_9' title='bbox 455 598 576 645; x_wconf 78' lang='lat' dir='ltr'>Dr0.</span> <span class='ocrx_word' id='word_1_10' title='bbox 607 597 722 646; x_wconf 93' lang='lat' dir='ltr'>Nos</span> <span class='ocrx_word' id='word_1_11' title='bbox 755 614 786 645; x_wconf 93' lang='lat' dir='ltr'>a</span> <span class='ocrx_word' id='word_1_12' title='bbox 819 598 984 646; x_wconf 89' lang='lat' dir='ltr'>stellis</span> <span class='ocrx_word' id='word_1_13' title='bbox 1009 606 1047 649; x_wconf 88' lang='lat'>&amp;</span> <span class='ocrx_word' id='word_1_14' title='bbox 1071 599 1206 647; x_wconf 90' lang='lat' dir='ltr'>coelo</span> <span class='ocrx_word' id='word_1_15' title='bbox 1231 597 1468 659; x_wconf 84' lang='lat' dir='ltr'>quotidie</span> <span class='ocrx_word' id='word_1_16' title='bbox 1503 597 1807 646; x_wconf 88' lang='lat' dir='ltr'>influentias</span> <span class='ocrx_word' id='word_1_17' title='bbox 1840 596 2032 659; x_wconf 89' lang='lat' dir='ltr'>accipi-</span> 
     </span>
    </p>

    <p class='ocr_par' dir='ltr' id='par_1_3' title="bbox 260 672 2033 809">
     <span class='ocr_line' id='line_1_3' title="bbox 260 672 2033 735; baseline 0.001 -15"><span class='ocrx_word' id='word_1_18' title='bbox 260 672 351 721; x_wconf 85' lang='lat'>635</span> <span class='ocrx_word' id='word_1_19' title='bbox 396 689 531 731; x_wconf 78' lang='lat' dir='ltr'>mUS,</span> <span class='ocrx_word' id='word_1_20' title='bbox 560 689 683 733; x_wconf 86' lang='lat' dir='ltr'>ergo</span> <span class='ocrx_word' id='word_1_21' title='bbox 708 689 816 733; x_wconf 94' lang='lat' dir='ltr'>quo</span> <span class='ocrx_word' id='word_1_22' title='bbox 842 674 1010 735; x_wconf 88' lang='lat' dir='ltr'>magis</span> <span class='ocrx_word' id='word_1_23' title='bbox 1034 674 1296 732; x_wconf 88' lang='lat' dir='ltr'>liberales,</span> <span class='ocrx_word' id='word_1_24' title='bbox 1324 690 1386 722; x_wconf 94' lang='lat' dir='ltr'>eo</span> <span class='ocrx_word' id='word_1_25' title='bbox 1411 673 1581 735; x_wconf 90' lang='lat' dir='ltr'>magis</span> <span class='ocrx_word' id='word_1_26' title='bbox 1606 673 1807 722; x_wconf 83' lang='lat' dir='ltr'><strong>similes</strong></span> <span class='ocrx_word' id='word_1_27' title='bbox 1831 673 2033 722; x_wconf 89' lang='lat' dir='ltr'>coelesti</span> 
     </span>
     <span class='ocr_line' id='line_1_4' title="bbox 395 747 1775 809; baseline 0 -13"><span class='ocrx_word' id='word_1_28' title='bbox 395 749 563 809; x_wconf 76' lang='lat' dir='ltr'>quintae</span> <span class='ocrx_word' id='word_1_29' title='bbox 584 749 791 798; x_wconf 67' lang='lat' dir='ltr'>essentie.</span> <span class='ocrx_word' id='word_1_30' title='bbox 1123 747 1125 749; x_wconf 58' lang='grc'>’</span> <span class='ocrx_word' id='word_1_31' title='bbox 1772 804 1775 805; x_wconf 16' lang='lat'><em>⁷</em></span> 
     </span>
    </p>

    <p class='ocr_par' dir='ltr' id='par_1_4' title="bbox 396 823 2036 1026">
     <span class='ocr_line' id='line_1_5' title="bbox 457 823 2035 886; baseline 0.001 -14"><span class='ocrx_word' id='word_1_32' title='bbox 457 826 579 886; x_wconf 86' lang='lat' dir='ltr'>Pog.</span> <span class='ocrx_word' id='word_1_33' title='bbox 620 826 802 873; x_wconf 90' lang='lat' dir='ltr'>Vnum</span> <span class='ocrx_word' id='word_1_34' title='bbox 842 825 1099 886; x_wconf 80' lang='lat' dir='ltr'>quiddam</span> <span class='ocrx_word' id='word_1_35' title='bbox 1143 831 1318 884; x_wconf 91' lang='lat' dir='ltr'>restat,</span> <span class='ocrx_word' id='word_1_36' title='bbox 1361 826 1415 874; x_wconf 93' lang='lat' dir='ltr'>in</span> <span class='ocrx_word' id='word_1_37' title='bbox 1455 841 1562 885; x_wconf 94' lang='lat' dir='ltr'>quo</span> <span class='ocrx_word' id='word_1_38' title='bbox 1608 823 1860 874; x_wconf 89' lang='lat' dir='ltr'>exorandi</span> <span class='ocrx_word' id='word_1_39' title='bbox 1904 823 2035 873; x_wconf 83' lang='lat' dir='ltr'>mihi</span> 
     </span>
     <span class='ocr_line' id='line_1_6' title="bbox 396 900 2036 963; baseline 0.001 -15"><span class='ocrx_word' id='word_1_40' title='bbox 396 901 519 949; x_wconf 86' lang='lat' dir='ltr'>estis</span> <span class='ocrx_word' id='word_1_41' title='bbox 542 917 552 948; x_wconf 92' lang='lat'>:</span> <span class='ocrx_word' id='word_1_42' title='bbox 573 907 628 948; x_wconf 89' lang='lat' dir='ltr'>vt</span> <span class='ocrx_word' id='word_1_43' title='bbox 646 901 804 950; x_wconf 87' lang='lat' dir='ltr'>etiam</span> <span class='ocrx_word' id='word_1_44' title='bbox 823 918 1132 950; x_wconf 90' lang='lat' dir='ltr'>crumenam</span> <span class='ocrx_word' id='word_1_45' title='bbox 1151 900 1302 960; x_wconf 85' lang='lat' dir='ltr'>detiS,</span> <span class='ocrx_word' id='word_1_46' title='bbox 1323 902 1380 950; x_wconf 92' lang='lat' dir='ltr'>in</span> <span class='ocrx_word' id='word_1_47' title='bbox 1398 918 1504 962; x_wconf 92' lang='lat' dir='ltr'>qua</span> <span class='ocrx_word' id='word_1_48' title='bbox 1516 917 1767 950; x_wconf 83' lang='lat' dir='ltr'>nummos</span> <span class='ocrx_word' id='word_1_49' title='bbox 1779 917 2036 963; x_wconf 82' lang='lat' dir='ltr'>reponam</span> 
     </span>
     <span class='ocr_line' id='line_1_7' title="bbox 398 978 535 1026; baseline -0.007 -1"><span class='ocrx_word' id='word_1_50' title='bbox 398 978 535 1026; x_wconf 79' lang='lat' dir='ltr'>illos,</span> 
     </span>
    </p>

    <p class='ocr_par' dir='ltr' id='par_1_5' title="bbox 262 1051 2035 1191">
     <span class='ocr_line' id='line_1_8' title="bbox 262 1051 2035 1115; baseline -0.001 -13"><span class='ocrx_word' id='word_1_51' title='bbox 262 1056 355 1115; x_wconf 84' lang='lat'>640</span> <span class='ocrx_word' id='word_1_52' title='bbox 458 1054 577 1101; x_wconf 86' lang='lat' dir='ltr'>Ped.</span> <span class='ocrx_word' id='word_1_53' title='bbox 606 1054 652 1102; x_wconf 93' lang='lat' dir='ltr'>O</span> <span class='ocrx_word' id='word_1_54' title='bbox 678 1052 1056 1114; x_wconf 76' lang='lat' dir='ltr'>inexplebilem</span> <span class='ocrx_word' id='word_1_55' title='bbox 1080 1053 1353 1102; x_wconf 90' lang='lat' dir='ltr'>avaritiam</span> <span class='ocrx_word' id='word_1_56' title='bbox 1376 1052 1386 1100; x_wconf 76' lang='lat' dir='ltr'>l</span> <span class='ocrx_word' id='word_1_57' title='bbox 1415 1053 1462 1101; x_wconf 88' lang='lat' dir='ltr'>O</span> <span class='ocrx_word' id='word_1_58' title='bbox 1486 1053 1749 1114; x_wconf 86' lang='lat' dir='ltr'>gurgitem</span> <span class='ocrx_word' id='word_1_59' title='bbox 1772 1052 1782 1100; x_wconf 80' lang='lat' dir='ltr'>l</span> <span class='ocrx_word' id='word_1_60' title='bbox 1811 1053 1858 1102; x_wconf 89' lang='lat' dir='ltr'>O</span> <span class='ocrx_word' id='word_1_61' title='bbox 1886 1051 2035 1102; x_wconf 79' lang='lat' dir='ltr'>Char-</span> 
     </span>
     <span class='ocr_line' id='line_1_9' title="bbox 386 1127 1470 1191; baseline 0.002 -16"><span class='ocrx_word' id='word_1_62' title='bbox 386 1128 548 1191; x_wconf 81' lang='lat' dir='ltr'><em>ybdim</em></span> <span class='ocrx_word' id='word_1_63' title='bbox 571 1128 580 1175; x_wconf 82' lang='lat'>1</span> <span class='ocrx_word' id='word_1_64' title='bbox 609 1128 743 1189; x_wconf 88' lang='lat' dir='ltr'>(siue</span> <span class='ocrx_word' id='word_1_65' title='bbox 769 1127 1078 1189; x_wconf 75' lang='lat' dir='ltr'>Chalybdin</span> <span class='ocrx_word' id='word_1_66' title='bbox 1100 1128 1134 1188; x_wconf 74' lang='lat' dir='ltr'>l)</span> <span class='ocrx_word' id='word_1_67' title='bbox 1468 1136 1470 1138; x_wconf 79' lang='grc'><strong>’</strong></span> 
     </span>
    </p>

    <p class='ocr_par' dir='ltr' id='par_1_6' title="bbox 461 1203 1941 1272">
     <span class='ocr_line' id='line_1_10' title="bbox 461 1203 1941 1272; baseline 0.001 -21"><span class='ocrx_word' id='word_1_68' title='bbox 461 1205 583 1265; x_wconf 81' lang='lat' dir='ltr'>Pog.</span> <span class='ocrx_word' id='word_1_69' title='bbox 612 1203 732 1252; x_wconf 87' lang='lat' dir='ltr'>Nisi</span> <span class='ocrx_word' id='word_1_70' title='bbox 755 1203 911 1253; x_wconf 85' lang='lat' dir='ltr'>hilari</span> <span class='ocrx_word' id='word_1_71' title='bbox 933 1205 1085 1254; x_wconf 89' lang='lat' dir='ltr'>vultu</span> <span class='ocrx_word' id='word_1_72' title='bbox 1108 1203 1375 1263; x_wconf 91' lang='lat' dir='ltr'>dederitis,</span> <span class='ocrx_word' id='word_1_73' title='bbox 1403 1221 1502 1272; x_wconf 89' lang='lat' dir='ltr'>ego</span> <span class='ocrx_word' id='word_1_74' title='bbox 1526 1221 1637 1254; x_wconf 90' lang='lat' dir='ltr'>non</span> <span class='ocrx_word' id='word_1_75' title='bbox 1661 1205 1941 1267; x_wconf 82' lang='lat' dir='ltr'>accipiam.</span> 
     </span>
    </p>

    <p class='ocr_par' dir='ltr' id='par_1_7' title="bbox 400 1279 2038 1418">
     <span class='ocr_line' id='line_1_11' title="bbox 459 1279 2038 1342; baseline 0.001 -14"><span class='ocrx_word' id='word_1_76' title='bbox 459 1280 578 1328; x_wconf 90' lang='lat' dir='ltr'>Ped.</span> <span class='ocrx_word' id='word_1_77' title='bbox 608 1279 766 1340; x_wconf 89' lang='lat' dir='ltr'>Perij,</span> <span class='ocrx_word' id='word_1_78' title='bbox 794 1296 879 1328; x_wconf 94' lang='lat' dir='ltr'>me</span> <span class='ocrx_word' id='word_1_79' title='bbox 903 1281 1123 1342; x_wconf 84' lang='lat' dir='ltr'>aspexit,</span> <span class='ocrx_word' id='word_1_80' title='bbox 1149 1281 1283 1339; x_wconf 87' lang='lat' dir='ltr'>vale,</span> <span class='ocrx_word' id='word_1_81' title='bbox 1302 1281 1427 1329; x_wconf 56' lang='lat' dir='ltr'>‘vale</span> <span class='ocrx_word' id='word_1_82' title='bbox 1451 1297 1705 1330; x_wconf 87' lang='lat' dir='ltr'>crumena</span> <span class='ocrx_word' id='word_1_83' title='bbox 1738 1297 1873 1339; x_wconf 93' lang='lat' dir='ltr'>mea,</span> <span class='ocrx_word' id='word_1_84' title='bbox 1899 1280 2038 1329; x_wconf 90' lang='lat' dir='ltr'>vale-</span> 
     </span>
     <span class='ocr_line' id='line_1_12' title="bbox 400 1355 2035 1418; baseline 0 -14"><span class='ocrx_word' id='word_1_85' title='bbox 400 1355 642 1405; x_wconf 89' lang='lat' dir='ltr'>tudinem</span> <span class='ocrx_word' id='word_1_86' title='bbox 660 1362 807 1406; x_wconf 92' lang='lat' dir='ltr'>tuam</span> <span class='ocrx_word' id='word_1_87' title='bbox 827 1373 953 1406; x_wconf 91' lang='lat' dir='ltr'>cura</span> <span class='ocrx_word' id='word_1_88' title='bbox 971 1355 1267 1418; x_wconf 87' lang='lat' dir='ltr'>diligenter,</span> <span class='ocrx_word' id='word_1_89' title='bbox 1289 1356 1480 1406; x_wconf 88' lang='lat' dir='ltr'>iterum</span> <span class='ocrx_word' id='word_1_90' title='bbox 1499 1362 1657 1417; x_wconf 87' lang='lat' dir='ltr'>atque</span> <span class='ocrx_word' id='word_1_91' title='bbox 1681 1357 1871 1406; x_wconf 91' lang='lat' dir='ltr'>iterum</span> <span class='ocrx_word' id='word_1_92' title='bbox 1890 1357 2035 1405; x_wconf 90' lang='lat' dir='ltr'>vale:</span> 
     </span>
    </p>

    <p class='ocr_par' dir='ltr' id='par_1_8' title="bbox 264 1430 2038 1647">
     <span class='ocr_line' id='line_1_13' title="bbox 264 1430 2037 1496; baseline -0.002 -13"><span class='ocrx_word' id='word_1_93' title='bbox 264 1433 355 1496; x_wconf 83' lang='lat'>645</span> <span class='ocrx_word' id='word_1_94' title='bbox 400 1432 543 1482; x_wconf 92' lang='lat' dir='ltr'>dono</span> <span class='ocrx_word' id='word_1_95' title='bbox 568 1432 787 1493; x_wconf 91' lang='lat' dir='ltr'>quidem</span> <span class='ocrx_word' id='word_1_96' title='bbox 810 1433 1223 1495; x_wconf 84' lang='lat' dir='ltr'>promptissime,</span> <span class='ocrx_word' id='word_1_97' title='bbox 1246 1450 1417 1483; x_wconf 90' lang='lat' dir='ltr'>unum</span> <span class='ocrx_word' id='word_1_98' title='bbox 1440 1431 1494 1481; x_wconf 90' lang='lat' dir='ltr'>id</span> <span class='ocrx_word' id='word_1_99' title='bbox 1517 1432 1691 1491; x_wconf 87' lang='lat' dir='ltr'>doleo,</span> <span class='ocrx_word' id='word_1_100' title='bbox 1713 1431 1859 1493; x_wconf 93' lang='lat' dir='ltr'>quod</span> <span class='ocrx_word' id='word_1_101' title='bbox 1881 1430 2037 1480; x_wconf 90' lang='lat' dir='ltr'>video</span> 
     </span>
     <span class='ocr_line' id='line_1_14' title="bbox 400 1507 2038 1571; baseline -0.001 -13"><span class='ocrx_word' id='word_1_102' title='bbox 400 1516 450 1558; x_wconf 92' lang='lat' dir='ltr'>te</span> <span class='ocrx_word' id='word_1_103' title='bbox 473 1511 647 1558; x_wconf 88' lang='lat' dir='ltr'>virum</span> <span class='ocrx_word' id='word_1_104' title='bbox 669 1515 778 1558; x_wconf 87' lang='lat' dir='ltr'>tam</span> <span class='ocrx_word' id='word_1_105' title='bbox 801 1509 1087 1558; x_wconf 92' lang='lat' dir='ltr'>honestum</span> <span class='ocrx_word' id='word_1_106' title='bbox 1112 1525 1265 1570; x_wconf 86' lang='lat' dir='ltr'>egere</span> <span class='ocrx_word' id='word_1_107' title='bbox 1297 1508 1540 1571; x_wconf 89' lang='lat' dir='ltr'>pecunijs</span> <span class='ocrx_word' id='word_1_108' title='bbox 1574 1508 1783 1566; x_wconf 92' lang='lat' dir='ltr'>nostris,</span> <span class='ocrx_word' id='word_1_109' title='bbox 1815 1507 2038 1556; x_wconf 84' lang='lat' dir='ltr'>habebis</span> 
     </span>
     <span class='ocr_line' id='line_1_15' title="bbox 401 1584 1829 1647; baseline -0.002 -13"><span class='ocrx_word' id='word_1_110' title='bbox 401 1586 594 1644; x_wconf 90' lang='lat' dir='ltr'>statim,</span> <span class='ocrx_word' id='word_1_111' title='bbox 621 1591 907 1647; x_wconf 85' lang='lat' dir='ltr'>postquam</span> <span class='ocrx_word' id='word_1_112' title='bbox 930 1584 1224 1646; x_wconf 80' lang='lat' dir='ltr'>farcimentj</span> <span class='ocrx_word' id='word_1_113' title='bbox 1250 1585 1518 1646; x_wconf 89' lang='lat' dir='ltr'>reliquum</span> <span class='ocrx_word' id='word_1_114' title='bbox 1542 1590 1829 1633; x_wconf 87' lang='lat' dir='ltr'>extraxero.</span> 
     </span>
    </p>

    <p class='ocr_par' dir='ltr' id='par_1_9' title="bbox 400 1658 2041 1787">
     <span class='ocr_line' id='line_1_16' title="bbox 461 1658 2041 1723; baseline -0.001 -14"><span class='ocrx_word' id='word_1_115' title='bbox 461 1662 583 1723; x_wconf 83' lang='lat' dir='ltr'>Pog.</span> <span class='ocrx_word' id='word_1_116' title='bbox 613 1661 740 1710; x_wconf 92' lang='lat' dir='ltr'>Non</span> <span class='ocrx_word' id='word_1_117' title='bbox 773 1661 1004 1709; x_wconf 92' lang='lat' dir='ltr'>multum</span> <span class='ocrx_word' id='word_1_118' title='bbox 1037 1659 1208 1718; x_wconf 87' lang='lat' dir='ltr'>refert,</span> <span class='ocrx_word' id='word_1_119' title='bbox 1243 1660 1286 1708; x_wconf 88' lang='lat' dir='ltr'>si</span> <span class='ocrx_word' id='word_1_120' title='bbox 1319 1659 1495 1709; x_wconf 76' lang='lat' dir='ltr'>tradas</span> <span class='ocrx_word' id='word_1_121' title='bbox 1528 1677 1627 1708; x_wconf 84' lang='lat' dir='ltr'>eum</span> <span class='ocrx_word' id='word_1_122' title='bbox 1660 1658 2041 1721; x_wconf 72' lang='lat' dir='ltr'>appertinentibus</span> 
     </span>
     <span class='ocr_line' id='line_1_17' title="bbox 400 1739 576 1787; baseline -0.011 0"><span class='ocrx_word' id='word_1_123' title='bbox 400 1739 576 1787; x_wconf 91' lang='lat' dir='ltr'>etiam.</span> 
     </span>
    </p>

    <p class='ocr_par' dir='ltr' id='par_1_10' title="bbox 265 1810 2040 1951">
     <span class='ocr_line' id='line_1_18' title="bbox 265 1810 2040 1875; baseline -0.002 -12"><span class='ocrx_word' id='word_1_124' title='bbox 265 1814 359 1863; x_wconf 85' lang='lat'>650</span> <span class='ocrx_word' id='word_1_125' title='bbox 462 1814 581 1862; x_wconf 90' lang='lat' dir='ltr'>Ped.</span> <span class='ocrx_word' id='word_1_126' title='bbox 611 1812 882 1875; x_wconf 70' lang='lat' dir='ltr'>Quoniam</span> <span class='ocrx_word' id='word_1_127' title='bbox 905 1812 978 1861; x_wconf 88' lang='lat' dir='ltr'>ita</span> <span class='ocrx_word' id='word_1_128' title='bbox 999 1811 1096 1870; x_wconf 83' lang='lat' dir='ltr'>viS,</span> <span class='ocrx_word' id='word_1_129' title='bbox 1123 1810 1292 1861; x_wconf 87' lang='lat' dir='ltr'>trado.</span> <span class='ocrx_word' id='word_1_130' title='bbox 1320 1811 1406 1873; x_wconf 89' lang='lat' dir='ltr'>Dij</span> <span class='ocrx_word' id='word_1_131' title='bbox 1435 1810 1533 1874; x_wconf 84' lang='lat'>[37]</span> <span class='ocrx_word' id='word_1_132' title='bbox 1557 1811 1702 1861; x_wconf 90' lang='lat' dir='ltr'>hunc</span> <span class='ocrx_word' id='word_1_133' title='bbox 1725 1827 1849 1861; x_wconf 90' lang='lat' dir='ltr'>cum</span> <span class='ocrx_word' id='word_1_134' title='bbox 1874 1811 2040 1861; x_wconf 92' lang='lat' dir='ltr'>omni-</span> 
     </span>
     <span class='ocr_line' id='line_1_19' title="bbox 401 1886 1223 1951; baseline -0.002 -13"><span class='ocrx_word' id='word_1_135' title='bbox 401 1889 515 1949; x_wconf 62' lang='lat' dir='ltr'>bus„</span> <span class='ocrx_word' id='word_1_136' title='bbox 525 1888 914 1951; x_wconf 89' lang='lat' dir='ltr'>pertinentibus</span> <span class='ocrx_word' id='word_1_137' title='bbox 938 1886 1223 1937; x_wconf 86' lang='lat' dir='ltr'>eradicent.</span> 
     </span>
    </p>

    <p class='ocr_par' dir='ltr' id='par_1_11' title="bbox 401 1962 2048 2179">
     <span class='ocr_line' id='line_1_20' title="bbox 463 1962 2048 2026; baseline -0.001 -13"><span class='ocrx_word' id='word_1_138' title='bbox 463 1966 584 2026; x_wconf 85' lang='lat' dir='ltr'>Pog.</span> <span class='ocrx_word' id='word_1_139' title='bbox 626 1965 786 2013; x_wconf 91' lang='lat' dir='ltr'>Hanc</span> <span class='ocrx_word' id='word_1_140' title='bbox 825 1980 924 2026; x_wconf 90' lang='lat' dir='ltr'>ego</span> <span class='ocrx_word' id='word_1_141' title='bbox 965 1963 1109 2026; x_wconf 90' lang='lat' dir='ltr'>(cum</span> <span class='ocrx_word' id='word_1_142' title='bbox 1149 1969 1257 2012; x_wconf 89' lang='lat' dir='ltr'>tam</span> <span class='ocrx_word' id='word_1_143' title='bbox 1298 1969 1482 2012; x_wconf 91' lang='lat' dir='ltr'>ornata</span> <span class='ocrx_word' id='word_1_144' title='bbox 1519 1963 1605 2024; x_wconf 89' lang='lat' dir='ltr'>sit)</span> <span class='ocrx_word' id='word_1_145' title='bbox 1641 1963 1696 2012; x_wconf 91' lang='lat' dir='ltr'>in</span> <span class='ocrx_word' id='word_1_146' title='bbox 1729 1962 1842 2012; x_wconf 86' lang='lat' dir='ltr'>dies</span> <span class='ocrx_word' id='word_1_147' title='bbox 1886 1962 2048 2012; x_wconf 85' lang='lat' dir='ltr'>festos</span> 
     </span>
     <span class='ocr_line' id='line_1_21' title="bbox 402 2037 2045 2100; baseline -0.003 -9"><span class='ocrx_word' id='word_1_148' title='bbox 402 2040 700 2091; x_wconf 88' lang='lat' dir='ltr'>reservabo.</span> <span class='ocrx_word' id='word_1_149' title='bbox 749 2039 834 2090; x_wconf 94' lang='lat' dir='ltr'>Tu</span> <span class='ocrx_word' id='word_1_150' title='bbox 877 2039 1097 2089; x_wconf 85' lang='lat' dir='ltr'>fortasse</span> <span class='ocrx_word' id='word_1_151' title='bbox 1149 2038 1315 2088; x_wconf 90' lang='lat' dir='ltr'>habes</span> <span class='ocrx_word' id='word_1_152' title='bbox 1369 2056 1532 2100; x_wconf 92' lang='lat' dir='ltr'>quam</span> <span class='ocrx_word' id='word_1_153' title='bbox 1587 2037 1826 2100; x_wconf 90' lang='lat' dir='ltr'>quotidie</span> <span class='ocrx_word' id='word_1_154' title='bbox 1879 2044 2045 2088; x_wconf 90' lang='lat' dir='ltr'>terere</span> 
     </span>
     <span class='ocr_line' id='line_1_22' title="bbox 401 2133 640 2179; baseline -0.008 -13"><span class='ocrx_word' id='word_1_155' title='bbox 401 2133 640 2179; x_wconf 89' lang='lat' dir='ltr'>possum.</span> 
     </span>
    </p>

    <p class='ocr_par' dir='ltr' id='par_1_12' title="bbox 267 2189 2046 2481">
     <span class='ocr_line' id='line_1_23' title="bbox 267 2189 2045 2253; baseline -0.002 -12"><span class='ocrx_word' id='word_1_156' title='bbox 267 2193 358 2242; x_wconf 85' lang='lat'>655</span> <span class='ocrx_word' id='word_1_157' title='bbox 462 2194 583 2241; x_wconf 82' lang='lat' dir='ltr'>Dr0.</span> <span class='ocrx_word' id='word_1_158' title='bbox 609 2194 680 2240; x_wconf 90' lang='lat' dir='ltr'>At</span> <span class='ocrx_word' id='word_1_159' title='bbox 702 2191 923 2241; x_wconf 92' lang='lat' dir='ltr'>obsecro</span> <span class='ocrx_word' id='word_1_160' title='bbox 948 2192 1054 2240; x_wconf 89' lang='lat' dir='ltr'>iam</span> <span class='ocrx_word' id='word_1_161' title='bbox 1078 2196 1128 2240; x_wconf 92' lang='lat' dir='ltr'>te</span> <span class='ocrx_word' id='word_1_162' title='bbox 1152 2207 1220 2240; x_wconf 91' lang='lat' dir='ltr'>ne</span> <span class='ocrx_word' id='word_1_163' title='bbox 1242 2191 1374 2240; x_wconf 89' lang='lat' dir='ltr'>velis</span> <span class='ocrx_word' id='word_1_164' title='bbox 1391 2191 1639 2253; x_wconf 72' lang='lat' dir='ltr'>potentiam</span> <span class='ocrx_word' id='word_1_165' title='bbox 1666 2189 1782 2239; x_wconf 79' lang='lat' dir='ltr'>hanc</span> <span class='ocrx_word' id='word_1_166' title='bbox 1813 2190 1863 2238; x_wconf 84' lang='lat' dir='ltr'>in</span> <span class='ocrx_word' id='word_1_167' title='bbox 1896 2193 2045 2238; x_wconf 78' lang='lat' dir='ltr'>actum</span> 
     </span>
     <span class='ocr_line' id='line_1_24' title="bbox 395 2266 2046 2330; baseline -0.001 -14"><span class='ocrx_word' id='word_1_168' title='bbox 395 2270 654 2330; x_wconf 75' lang='lat' dir='ltr'>producere,</span> <span class='ocrx_word' id='word_1_169' title='bbox 675 2267 965 2329; x_wconf 84' lang='lat' dir='ltr'>praesertim</span> <span class='ocrx_word' id='word_1_170' title='bbox 989 2284 1113 2316; x_wconf 92' lang='lat' dir='ltr'>cum</span> <span class='ocrx_word' id='word_1_171' title='bbox 1137 2284 1167 2315; x_wconf 89' lang='lat' dir='ltr'>a</span> <span class='ocrx_word' id='word_1_172' title='bbox 1183 2283 1340 2329; x_wconf 90' lang='lat' dir='ltr'>posse</span> <span class='ocrx_word' id='word_1_173' title='bbox 1365 2266 1432 2316; x_wconf 91' lang='lat' dir='ltr'>ad</span> <span class='ocrx_word' id='word_1_174' title='bbox 1451 2283 1564 2316; x_wconf 92' lang='lat' dir='ltr'>esse</span> <span class='ocrx_word' id='word_1_175' title='bbox 1584 2282 1694 2315; x_wconf 91' lang='lat' dir='ltr'>non</span> <span class='ocrx_word' id='word_1_176' title='bbox 1713 2266 1852 2315; x_wconf 88' lang='lat' dir='ltr'>valet</span> <span class='ocrx_word' id='word_1_177' title='bbox 1869 2281 2046 2315; x_wconf 91' lang='lat' dir='ltr'>conse-</span> 
     </span>
     <span class='ocr_line' id='line_1_25' title="bbox 405 2340 2046 2405; baseline -0.002 -12"><span class='ocrx_word' id='word_1_178' title='bbox 405 2345 639 2405; x_wconf 90' lang='lat' dir='ltr'>quentia.</span> <span class='ocrx_word' id='word_1_179' title='bbox 669 2344 812 2392; x_wconf 91' lang='lat' dir='ltr'>Nam</span> <span class='ocrx_word' id='word_1_180' title='bbox 836 2344 892 2392; x_wconf 92' lang='lat' dir='ltr'>in</span> <span class='ocrx_word' id='word_1_181' title='bbox 914 2343 1018 2392; x_wconf 91' lang='lat' dir='ltr'>hoc</span> <span class='ocrx_word' id='word_1_182' title='bbox 1039 2343 1337 2404; x_wconf 90' lang='lat' dir='ltr'>pauxillulo</span> <span class='ocrx_word' id='word_1_183' title='bbox 1357 2342 1509 2404; x_wconf 91' lang='lat' dir='ltr'>(mihi</span> <span class='ocrx_word' id='word_1_184' title='bbox 1527 2341 1703 2403; x_wconf 89' lang='lat' dir='ltr'>crede)</span> <span class='ocrx_word' id='word_1_185' title='bbox 1722 2340 1868 2403; x_wconf 93' lang='lat' dir='ltr'>quod</span> <span class='ocrx_word' id='word_1_186' title='bbox 1886 2346 2046 2390; x_wconf 89' lang='lat' dir='ltr'>restat</span> 
     </span>
     <span class='ocr_line' id='line_1_26' title="bbox 404 2417 1936 2481; baseline -0.002 -13"><span class='ocrx_word' id='word_1_187' title='bbox 404 2428 749 2469; x_wconf 86' lang='lat' dir='ltr'>nummorum</span> <span class='ocrx_word' id='word_1_188' title='bbox 774 2419 1002 2468; x_wconf 88' lang='lat' dir='ltr'>essentia</span> <span class='ocrx_word' id='word_1_189' title='bbox 1025 2419 1140 2481; x_wconf 88' lang='lat' dir='ltr'>ipsa</span> <span class='ocrx_word' id='word_1_190' title='bbox 1163 2418 1206 2465; x_wconf 73' lang='grc' dir='ltr'>δε</span> <span class='ocrx_word' id='word_1_191' title='bbox 1230 2419 1506 2467; x_wconf 85' lang='lat' dir='ltr'>existentia</span> <span class='ocrx_word' id='word_1_192' title='bbox 1536 2434 1656 2467; x_wconf 91' lang='lat' dir='ltr'>mea</span> <span class='ocrx_word' id='word_1_193' title='bbox 1678 2417 1936 2467; x_wconf 89' lang='lat' dir='ltr'>consistit.</span> 
     </span>
    </p>

    <p class='ocr_par' dir='ltr' id='par_1_13' title="bbox 465 2493 2045 2558">
     <span class='ocr_line' id='line_1_27' title="bbox 465 2493 2045 2558; baseline -0.002 -14"><span class='ocrx_word' id='word_1_194' title='bbox 465 2497 586 2558; x_wconf 82' lang='lat' dir='ltr'>Pog.</span> <span class='ocrx_word' id='word_1_195' title='bbox 616 2495 830 2558; x_wconf 72' lang='lat' dir='ltr'>Quaeso,</span> <span class='ocrx_word' id='word_1_196' title='bbox 856 2495 970 2543; x_wconf 91' lang='lat' dir='ltr'>sine</span> <span class='ocrx_word' id='word_1_197' title='bbox 993 2500 1044 2543; x_wconf 91' lang='lat' dir='ltr'>te</span> <span class='ocrx_word' id='word_1_198' title='bbox 1069 2511 1299 2553; x_wconf 92' lang='lat' dir='ltr'>exorem,</span> <span class='ocrx_word' id='word_1_199' title='bbox 1325 2495 1405 2543; x_wconf 91' lang='lat' dir='ltr'>vir</span> <span class='ocrx_word' id='word_1_200' title='bbox 1438 2493 1761 2543; x_wconf 87' lang='lat' dir='ltr'>doctissime.</span> <span class='ocrx_word' id='word_1_201' title='bbox 1796 2493 2045 2541; x_wconf 89' lang='lat' dir='ltr'>Obtestor</span> 
     </span>
    </p>

    <p class='ocr_par' dir='ltr' id='par_1_14' title="bbox 270 2570 1497 2635">
     <span class='ocr_line' id='line_1_28' title="bbox 270 2570 1497 2635; baseline -0.005 -11"><span class='ocrx_word' id='word_1_202' title='bbox 270 2576 363 2624; x_wconf 88' lang='grc'>660</span> <span class='ocrx_word' id='word_1_203' title='bbox 406 2579 455 2622; x_wconf 93' lang='lat' dir='ltr'>te</span> <span class='ocrx_word' id='word_1_204' title='bbox 478 2588 574 2635; x_wconf 91' lang='lat' dir='ltr'>per</span> <span class='ocrx_word' id='word_1_205' title='bbox 596 2588 779 2620; x_wconf 81' lang='lat' dir='ltr'>acumen</span> <span class='ocrx_word' id='word_1_206' title='bbox 802 2571 998 2633; x_wconf 87' lang='lat' dir='ltr'>ingenij</span> <span class='ocrx_word' id='word_1_207' title='bbox 1024 2571 1118 2630; x_wconf 92' lang='lat' dir='ltr'>tui,</span> <span class='ocrx_word' id='word_1_208' title='bbox 1146 2578 1185 2622; x_wconf 92' lang='lat'>&amp;</span> <span class='ocrx_word' id='word_1_209' title='bbox 1209 2570 1350 2619; x_wconf 90' lang='lat' dir='ltr'>ensis</span> <span class='ocrx_word' id='word_1_210' title='bbox 1374 2571 1497 2620; x_wconf 88' lang='lat' dir='ltr'>mei.</span> 
     </span>
    </p>

    <p class='ocr_par' dir='ltr' id='par_1_15' title="bbox 467 2644 1662 2705">
     <span class='ocr_line' id='line_1_29' title="bbox 467 2644 1662 2705; baseline -0.003 -8"><span class='ocrx_word' id='word_1_211' title='bbox 467 2649 588 2698; x_wconf 81' lang='lat' dir='ltr'>Dro.</span> <span class='ocrx_word' id='word_1_212' title='bbox 617 2647 703 2696; x_wconf 92' lang='lat' dir='ltr'>Oh</span> <span class='ocrx_word' id='word_1_213' title='bbox 727 2652 807 2696; x_wconf 89' lang='lat' dir='ltr'>sat</span> <span class='ocrx_word' id='word_1_214' title='bbox 829 2652 908 2696; x_wconf 88' lang='lat' dir='ltr'>est</span> <span class='ocrx_word' id='word_1_215' title='bbox 933 2663 944 2695; x_wconf 92' lang='lat'>:</span> <span class='ocrx_word' id='word_1_216' title='bbox 971 2647 1196 2696; x_wconf 90' lang='lat' dir='ltr'>exorasti</span> <span class='ocrx_word' id='word_1_217' title='bbox 1219 2647 1361 2705; x_wconf 91' lang='lat' dir='ltr'>satis,</span> <span class='ocrx_word' id='word_1_218' title='bbox 1388 2645 1525 2696; x_wconf 91' lang='lat' dir='ltr'>habe</span> <span class='ocrx_word' id='word_1_219' title='bbox 1547 2644 1662 2694; x_wconf 89' lang='lat' dir='ltr'>tibi.</span> 
     </span>
    </p>

    <p class='ocr_par' dir='ltr' id='par_1_16' title="bbox 468 2719 2049 2787">
     <span class='ocr_line' id='line_1_30' title="bbox 468 2719 2049 2787; baseline -0.003 -13"><span class='ocrx_word' id='word_1_220' title='bbox 468 2726 589 2787; x_wconf 85' lang='lat' dir='ltr'>Pog.</span> <span class='ocrx_word' id='word_1_221' title='bbox 621 2723 1106 2773; x_wconf 86' lang='lat' dir='ltr'>Munificentissimi</span> <span class='ocrx_word' id='word_1_222' title='bbox 1129 2723 1245 2782; x_wconf 90' lang='lat' dir='ltr'>viri,</span> <span class='ocrx_word' id='word_1_223' title='bbox 1271 2721 1491 2772; x_wconf 86' lang='lat' dir='ltr'>dedistis</span> <span class='ocrx_word' id='word_1_224' title='bbox 1514 2722 1628 2771; x_wconf 88' lang='lat' dir='ltr'>haec</span> <span class='ocrx_word' id='word_1_225' title='bbox 1657 2719 1806 2780; x_wconf 90' lang='lat' dir='ltr'>mihi,</span> <span class='ocrx_word' id='word_1_226' title='bbox 1827 2721 2049 2770; x_wconf 90' lang='lat' dir='ltr'>annon?</span> 
     </span>
    </p>

    <p class='ocr_par' dir='ltr' id='par_1_17' title="bbox 409 2795 2042 2926">
     <span class='ocr_line' id='line_1_31' title="bbox 468 2795 2042 2861; baseline -0.003 -12"><span class='ocrx_word' id='word_1_227' title='bbox 468 2802 588 2858; x_wconf 79' lang='lat' dir='ltr'>Ped.</span> <span class='ocrx_word' id='word_1_228' title='bbox 617 2801 794 2849; x_wconf 90' lang='lat' dir='ltr'>Etiam</span> <span class='ocrx_word' id='word_1_229' title='bbox 811 2800 988 2861; x_wconf 92' lang='lat' dir='ltr'>plane,</span> <span class='ocrx_word' id='word_1_230' title='bbox 1010 2798 1257 2858; x_wconf 89' lang='lat' dir='ltr'>maxime,</span> <span class='ocrx_word' id='word_1_231' title='bbox 1279 2795 1572 2847; x_wconf 92' lang='lat' dir='ltr'>admodum</span> <span class='ocrx_word' id='word_1_232' title='bbox 1595 2812 1606 2858; x_wconf 91' lang='lat'>;</span> <span class='ocrx_word' id='word_1_233' title='bbox 1633 2805 1672 2849; x_wconf 65' lang='grc' dir='ltr'>ὃς</span> <span class='ocrx_word' id='word_1_234' title='bbox 1694 2802 1752 2847; x_wconf 89' lang='lat' dir='ltr'>tu</span> <span class='ocrx_word' id='word_1_235' title='bbox 1775 2795 2042 2858; x_wconf 90' lang='lat' dir='ltr'>accepisti,</span> 
     </span>
     <span class='ocr_line' id='line_1_32' title="bbox 409 2876 627 2926; baseline -0.009 0"><span class='ocrx_word' id='word_1_236' title='bbox 409 2893 590 2926; x_wconf 92' lang='lat' dir='ltr'>annon</span> <span class='ocrx_word' id='word_1_237' title='bbox 608 2876 627 2924; x_wconf 91' lang='lat'>?</span> 
     </span>
    </p>

    <p class='ocr_par' dir='ltr' id='par_1_18' title="bbox 275 2945 1427 3014">
     <span class='ocr_line' id='line_1_33' title="bbox 275 2945 1427 3014; baseline -0.005 -11"><span class='ocrx_word' id='word_1_238' title='bbox 275 2952 365 3003; x_wconf 92' lang='grc'>665</span> <span class='ocrx_word' id='word_1_239' title='bbox 471 2954 592 3014; x_wconf 83' lang='lat' dir='ltr'>Pog.</span> <span class='ocrx_word' id='word_1_240' title='bbox 621 2950 727 3000; x_wconf 85' lang='lat' dir='ltr'>Sed</span> <span class='ocrx_word' id='word_1_241' title='bbox 751 2956 956 3010; x_wconf 86' lang='lat' dir='ltr'>mutuO,</span> <span class='ocrx_word' id='word_1_242' title='bbox 984 2945 1203 2999; x_wconf 91' lang='lat' dir='ltr'>annon?</span> <span class='ocrx_word' id='word_1_243' title='bbox 1224 2949 1427 2998; x_wconf 90' lang='lat' dir='ltr'>Valete.</span> 
     </span>
    </p>

    <p class='ocr_par' dir='ltr' id='par_1_19' title="bbox 412 3022 2050 3241">
     <span class='ocr_line' id='line_1_34' title="bbox 470 3022 2050 3088; baseline -0.003 -11"><span class='ocrx_word' id='word_1_244' title='bbox 470 3029 588 3077; x_wconf 85' lang='lat' dir='ltr'>Ped.</span> <span class='ocrx_word' id='word_1_245' title='bbox 620 3028 888 3087; x_wconf 89' lang='lat' dir='ltr'>Mutuum,</span> <span class='ocrx_word' id='word_1_246' title='bbox 910 3026 1063 3088; x_wconf 90' lang='lat' dir='ltr'>quasi</span> <span class='ocrx_word' id='word_1_247' title='bbox 1086 3029 1398 3074; x_wconf 87' lang='lat' dir='ltr'>meum-tuum.</span> <span class='ocrx_word' id='word_1_248' title='bbox 1426 3024 1532 3073; x_wconf 84' lang='lat' dir='ltr'>Sed</span> <span class='ocrx_word' id='word_1_249' title='bbox 1555 3022 1690 3073; x_wconf 91' lang='lat' dir='ltr'>illud</span> <span class='ocrx_word' id='word_1_250' title='bbox 1712 3039 1884 3086; x_wconf 90' lang='lat' dir='ltr'>nuper</span> <span class='ocrx_word' id='word_1_251' title='bbox 1904 3040 2050 3072; x_wconf 89' lang='lat' dir='ltr'>meum</span> 
     </span>
     <span class='ocr_line' id='line_1_35' title="bbox 412 3100 2049 3160; baseline -0.002 -8"><span class='ocrx_word' id='word_1_252' title='bbox 412 3105 518 3153; x_wconf 90' lang='lat' dir='ltr'>iam</span> <span class='ocrx_word' id='word_1_253' title='bbox 551 3103 612 3152; x_wconf 89' lang='lat' dir='ltr'>fit</span> <span class='ocrx_word' id='word_1_254' title='bbox 648 3108 775 3151; x_wconf 89' lang='lat' dir='ltr'>tuum</span> <span class='ocrx_word' id='word_1_255' title='bbox 814 3103 928 3152; x_wconf 90' lang='lat' dir='ltr'>sine</span> <span class='ocrx_word' id='word_1_256' title='bbox 966 3102 1257 3160; x_wconf 83' lang='lat' dir='ltr'>mutuatione,</span> <span class='ocrx_word' id='word_1_257' title='bbox 1301 3107 1392 3151; x_wconf 90' lang='lat' dir='ltr'>aut</span> <span class='ocrx_word' id='word_1_258' title='bbox 1424 3100 1684 3149; x_wconf 80' lang='lat' dir='ltr'>mutatione.</span> <span class='ocrx_word' id='word_1_259' title='bbox 1728 3100 1874 3150; x_wconf 92' lang='lat' dir='ltr'>Proh</span> <span class='ocrx_word' id='word_1_260' title='bbox 1908 3100 2049 3149; x_wconf 87' lang='lat' dir='ltr'>Scel-</span> 
     </span>
     <span class='ocr_line' id='line_1_36' title="bbox 415 3179 637 3241; baseline -0.009 -11"><span class='ocrx_word' id='word_1_261' title='bbox 415 3197 477 3230; x_wconf 89' lang='lat' dir='ltr'>us</span> <span class='ocrx_word' id='word_1_262' title='bbox 501 3180 510 3227; x_wconf 74' lang='lat' dir='ltr'>l</span> <span class='ocrx_word' id='word_1_263' title='bbox 539 3179 637 3241; x_wconf 86' lang='lat'><strong>[38]</strong></span> 
     </span>
    </p>

    <p class='ocr_par' dir='ltr' id='par_1_20' title="bbox 473 3250 2049 3318">
     <span class='ocr_line' id='line_1_37' title="bbox 473 3250 2049 3318; baseline -0.003 -14"><span class='ocrx_word' id='word_1_264' title='bbox 473 3257 594 3304; x_wconf 79' lang='lat' dir='ltr'>DrO.</span> <span class='ocrx_word' id='word_1_265' title='bbox 636 3255 756 3318; x_wconf 89' lang='lat' dir='ltr'>Abj,</span> <span class='ocrx_word' id='word_1_266' title='bbox 799 3272 909 3314; x_wconf 89' lang='lat' dir='ltr'>rue,</span> <span class='ocrx_word' id='word_1_267' title='bbox 951 3253 1063 3305; x_wconf 92' lang='lat' dir='ltr'>redi</span> <span class='ocrx_word' id='word_1_268' title='bbox 1102 3255 1158 3304; x_wconf 91' lang='lat' dir='ltr'>in</span> <span class='ocrx_word' id='word_1_269' title='bbox 1195 3254 1423 3316; x_wconf 91' lang='lat' dir='ltr'>primam</span> <span class='ocrx_word' id='word_1_270' title='bbox 1462 3252 1753 3311; x_wconf 91' lang='lat' dir='ltr'>materiam,</span> <span class='ocrx_word' id='word_1_271' title='bbox 1796 3250 2049 3301; x_wconf 91' lang='lat' dir='ltr'>claudum</span> 
     </span>
    </p>

    <p class='ocr_par' dir='ltr' id='par_1_21' title="bbox 278 3327 2046 3395">
     <span class='ocr_line' id='line_1_38' title="bbox 278 3327 2046 3395; baseline -0.003 -13"><span class='ocrx_word' id='word_1_272' title='bbox 278 3335 372 3395; x_wconf 88' lang='grc'>670</span> <span class='ocrx_word' id='word_1_273' title='bbox 413 3331 727 3390; x_wconf 79' lang='lat' dir='ltr'>monstrum,</span> <span class='ocrx_word' id='word_1_274' title='bbox 775 3347 1054 3394; x_wconf 88' lang='lat' dir='ltr'>nunquam</span> <span class='ocrx_word' id='word_1_275' title='bbox 1098 3330 1362 3380; x_wconf 90' lang='lat' dir='ltr'>intentum</span> <span class='ocrx_word' id='word_1_276' title='bbox 1416 3345 1447 3378; x_wconf 91' lang='lat' dir='ltr'>a</span> <span class='ocrx_word' id='word_1_277' title='bbox 1500 3333 1688 3378; x_wconf 83' lang='lat' dir='ltr'>natura</span> <span class='ocrx_word' id='word_1_278' title='bbox 1741 3327 2046 3387; x_wconf 87' lang='lat' dir='ltr'>universali,</span> 
     </span>
    </p>
   </div>
  </div>
 </body>
</html>
