2444 4140
398 1125 487 1158 100

398 1491 484 1540 105

399 1889 489 1922 110

399 2256 485 2305 115

391 2654 480 2688 120

394 3020 480 3070 125

537 362 572 415 4
1028 339 1342 396 Pedantius
1365 342 1419 397 A
1435 383 1447 395 .
1475 349 1520 393 Ι.
1542 343 1634 419 Sc.
1659 354 1703 397 Ι.

530 515 685 561 pares
718 499 898 557 itaque
933 495 1189 558 deinceps
1212 502 1280 555 te,
1308 497 1441 546 mihi
1474 504 1530 547 vt
1562 498 1619 547 in
1654 498 1906 548 omnibus
1939 505 2186 562 prompte

530 575 704 638 possis
729 573 1185 635 supparasitarier.

592 653 714 713 Pog.
741 652 943 699 Verum
969 650 1103 698 istoc
1127 655 1206 698 est
1228 650 1472 710 verbum,
1494 650 1620 700 here
1643 668 1653 699 ε
1683 652 1827 700 Nam
1846 668 1964 713 ego,
1987 650 2118 701 dum
2136 659 2187 701 te

531 744 742 788 sequor,
772 727 946 790 esurio
971 726 1056 774 vel
1080 727 1314 787 parasito
1339 727 1528 788 magis.

595 804 705 853 Cro.
736 804 872 860 Imo,
899 801 1131 861 furcifer,
1158 803 1243 851 vel
1267 804 1500 864 parasito
1524 804 1768 852 voracior
1802 820 1857 852 es
1880 820 1891 863 ;
1932 804 2062 852 Non
2088 820 2188 865 ego

529 886 579 928 te
605 878 812 928 dudum
836 878 944 927 huc
968 895 1125 939 usque
1149 880 1363 941 expleui
1397 879 1570 928 cibis?
1591 878 1635 927 &
1657 886 1840 929 tamen
1874 881 2042 929 esuris
2077 886 2187 930 tam

533 956 670 1005 cito?
689 956 745 1004 Si
764 956 1045 1004 exercitum
1064 956 1204 1004 alere
1227 972 1444 1018 possem
1468 956 1602 1005 meis
1622 957 1944 1018 sumptibus,
1967 957 2188 1018 charyb-

530 1031 642 1080 dim
676 1032 826 1080 illam
861 1037 1097 1080 saturare
1131 1037 1280 1081 tuam
1315 1033 1597 1093 nequirem
1630 1038 1814 1081 tamen
1852 1049 1862 1081 :
1900 1034 1944 1081 si
1978 1039 2190 1082 montes

528 1109 685 1170 panis
709 1109 806 1156 atri
831 1125 1160 1170 apponerem
1181 1109 1237 1157 in
1262 1126 1450 1158 mensa
1472 1109 1587 1168 tibi,
1614 1108 1770 1158 facile
1796 1110 1917 1158 illos
1940 1116 2081 1158 totos
2104 1110 2189 1158 vel

529 1185 818 1233 altissimos
859 1186 915 1233 in
950 1186 1099 1234 illam
1134 1185 1376 1234 hiantem
1410 1186 1723 1247 voraginem
1758 1186 2051 1247 conijceres
2090 1203 2100 1234 :
2138 1192 2192 1235 at

529 1278 655 1310 vero
695 1261 834 1310 bene
874 1261 1078 1310 conditi
1117 1262 1247 1312 iuris
1289 1263 1571 1311 Oceanum
1606 1262 1919 1311 absorberes
1958 1263 2136 1311 statim
2176 1279 2187 1311 z

527 1338 768 1400 potando
793 1339 964 1387 solem
989 1339 1167 1400 ipsum
1193 1355 1432 1400 superas,
1459 1339 1553 1399 qui
1589 1337 1857 1388 ebibendo
1881 1338 2186 1398 humidum,

529 1415 694 1464 siccat
718 1415 918 1463 omnia.
2185 1476 2187 1479 ι

590 1493 712 1554 Pog.
744 1493 878 1551 Iam,
916 1492 973 1540 in
1007 1491 1378 1553 redintegratae
1412 1491 1594 1554 gratiae
1619 1490 1685 1554 [7]
1718 1491 2104 1551 testimonium,
2130 1497 2189 1540 tu

530 1585 616 1617 me
641 1570 1016 1630 complectere,
1044 1568 1175 1617 dum
1201 1585 1301 1630 ego
1324 1575 1375 1617 te
1400 1567 1703 1618 deosculor.

595 1645 705 1694 Cro.
730 1645 1092 1704 Deosculeris,
1115 1644 1347 1704 sordide,
1369 1650 1427 1694 tu
1446 1661 1550 1704 me,
1573 1644 1988 1704 sterquilinium,
2005 1644 2187 1702 chaos,

530 1721 753 1770 cloaca?
774 1721 912 1770 Vah.

591 1798 714 1860 Pog.
755 1798 852 1846 Vis
896 1804 952 1846 vt
995 1804 1047 1846 te
1101 1796 1418 1857 honorifice,
1472 1798 1717 1859 supplex,
1770 1803 2083 1859 prostratUS,
2128 1794 2191 1846 'vt

534 1874 724 1923 Iouem
748 1890 970 1923 venerer
993 1874 1217 1923 meum?

595 1951 706 2000 Cro.
736 1951 869 1999 Sum
895 1967 994 2012 ego
1019 1950 1115 1999 tibi
1140 1951 1335 1999 iuuans
1358 1955 1525 2012 pater.

590 2028 712 2089 Pog.
754 2028 957 2076 quans
991 2026 1231 2085 fortasse,
1268 2032 1418 2089 pater
1450 2025 1876 2087 haudquaquam
1916 2042 1926 2074 :
1964 2043 2091 2075 nam
2126 2042 2191 2075 ex

531 2104 710 2165 stirpe,
739 2109 818 2153 sat
841 2104 970 2163 scio,
999 2102 1260 2152 oriundus
1285 2120 1405 2152 sum
1430 2103 1618 2161 nobili,
1645 2103 1854 2164 genitor
1877 2103 2190 2163 quicunque

529 2179 630 2229 fuit
652 2196 662 2228 :
687 2180 903 2229 Etenim
922 2186 1068 2228 veste
1088 2180 1189 2228 sub
1209 2181 1384 2228 lacera
1408 2180 1536 2228 latet
1558 2195 1881 2240 generosum
1908 2178 2187 2239 quiddam,

531 2257 756 2318 imperio
781 2255 998 2318 dignum
1028 2273 1038 2304 :
1067 2256 1152 2305 Tu
1177 2273 1263 2305 me
1288 2255 1356 2305 ad
1378 2255 1545 2318 pedes
1569 2255 1839 2304 abiectum
1864 2261 1986 2304 tuos
2009 2261 2190 2318 postu-

529 2333 607 2382 las
627 2333 645 2380 ?
671 2332 1015 2395 Respondeo,
1042 2333 1296 2394 primum,
1322 2333 1491 2382 Nescit
1509 2332 1681 2380 seruire
1704 2333 2186 2393 virtumpostremo,

525 2426 625 2459 nos
671 2409 833 2458 aulici
879 2409 1176 2458 abiecimus
1232 2409 1388 2458 istam
1446 2409 1683 2471 ineptam
1739 2407 2189 2457 consuetudinem

524 2485 829 2535 honorandi
875 2485 1197 2547 superiores,
1246 2485 1356 2534 imo
1403 2502 1471 2534 ne
1516 2501 1673 2547 pares
1723 2483 1944 2545 quidem
1999 2500 2189 2546 agnos-

526 2562 717 2611 cimus.

589 2639 700 2688 Cro.
730 2637 877 2701 Quid
917 2638 1079 2700 ergo?
1110 2655 1244 2688 num
1268 2654 1355 2688 me
1383 2637 1481 2687 tibi
1503 2637 1737 2688 fatebere
1760 2635 2188 2699 praeponendum

525 2730 641 2764 esse
663 2715 681 2762 ?

585 2793 709 2854 Pog.
755 2792 856 2840 Vix
893 2808 1118 2854 possum
1159 2807 1223 2840 eo
1270 2791 1406 2840 altos
1451 2790 1668 2852 spiritus
1715 2788 1995 2838 demittere
2039 2805 2050 2837 :
2093 2788 2188 2838 sed

523 2874 707 2917 tamen
729 2874 879 2917 tuam
912 2869 967 2916 in
1001 2868 1226 2929 gratiam
1262 2866 1531 2917 simulabo
1565 2866 1687 2915 hoc.
1717 2865 1861 2914 Nam
1897 2871 2036 2914 certe
2070 2865 2187 2927 plu-

525 2945 646 2994 rimi
670 2950 720 2993 te
744 2944 903 2993 facio.

590 3021 701 3069 Cro.
733 3021 882 3082 Quin
922 3020 1083 3068 etiam
1119 3018 1253 3068 ferre
1289 3017 1454 3067 debes
1496 3017 1563 3079 [8]
1599 3016 1869 3067 interdum
1909 3022 2186 3067 tonantem

525 3113 657 3147 voce
681 3097 920 3146 terribili.

587 3174 708 3234 Pog.
734 3174 806 3222 At
829 3173 873 3222 si
897 3189 983 3222 me
1007 3170 1211 3231 audieS,
1241 3169 1523 3220 cohibebis
1547 3169 1899 3219 iracundiam.

591 3247 701 3297 Cro·
728 3248 1009 3308 Praeterea‚
1036 3248 1081 3297 si
1104 3245 1399 3309 aliquando
1423 3245 1601 3297 verbis
1623 3245 1942 3297 sonantibus
1965 3245 2186 3295 verbera
