2444 4140
769 447 1079 504 Pedantius
1102 450 1183 513 Α.
1220 458 1276 502 V.
1303 449 1393 504 Sc.
1430 459 1518 503 VI.
1923 453 1986 506 81

354 602 623 651 confiteris
665 620 762 665 pro
808 603 1207 665 confitentibus)
1253 620 1345 653 oro
1391 609 1449 654 ut
1491 604 1714 653 huiusce
1757 604 1994 666 Virginis

353 679 693 739 purissimam
718 696 932 728 carnem
956 696 1023 728 ne
1048 680 1190 728 sinas
1214 681 1298 728 vel
1324 680 1592 741 corrumpi
1616 679 1881 739 sordibus,
1907 680 1991 729 vel

356 753 564 803 corrodi
586 754 873 804 vermibus.
902 755 1094 804 Sancte
1122 755 1421 814 Francisce,
1449 772 1541 804 ora
1562 772 1659 817 pro
1683 755 1858 804 nobis.

415 830 534 877 Ped.
565 829 738 891 Lydia
775 847 894 879 mea
917 830 1243 890 charissima,
1271 831 1580 880 charissima
1604 832 1842 892 inquam,
1870 848 1994 881 cum

191 904 314 955 2850
356 911 598 966 respectu
637 907 866 964 Amoris,
900 912 1014 955 tum
1046 913 1288 969 respectu
1326 907 1476 969 pretij
1504 907 1662 956 etiam
1701 923 1812 956 non
1844 907 1994 969 parvi

357 980 604 1042 (charitas
628 987 805 1030 autem
840 988 1126 1043 utrumque
1150 983 1430 1044 significat,
1457 982 1604 1043 quod
1627 982 1771 1032 docti
1794 984 1989 1039 sciunt)

357 1073 477 1116 quae
502 1058 556 1106 in
578 1057 681 1106 hoc
706 1058 972 1107 minutulo
995 1059 1321 1108 animalculo
1344 1064 1455 1118 tuo,
1477 1059 1534 1107 in
1556 1058 1659 1108 hoc
1680 1059 1993 1121 pectusculo

357 1131 692 1181 Pedantiano
726 1133 958 1192 vivebas,
986 1134 1221 1196 vigebam,
1247 1134 1471 1193 virebaS,
1508 1150 1576 1183 ne
1610 1134 1742 1186 mihi
1776 1151 1992 1187 succen-

356 1225 489 1267 seas,
538 1209 776 1268 obsecro,
819 1210 863 1258 si
902 1210 1078 1259 vivam
1122 1209 1299 1268 adhuc
1333 1210 1620 1275 paulisper.
1665 1211 1886 1259 Decrevi
1930 1211 1993 1261 si-

193 1283 313 1333 2855
357 1283 575 1345 quidem
600 1285 944 1347 sepulchrum
967 1285 1064 1335 tibi
1086 1285 1130 1336 δε
1153 1302 1505 1336 marmoream
1537 1291 1764 1338 statuam
1794 1302 1994 1348 ponere

355 1360 513 1421 (sicut
535 1362 802 1411 Alexander
824 1378 1053 1423 magnus
1076 1362 1133 1410 in
1156 1362 1470 1410 memoriam
1506 1361 1701 1412 caballi
1735 1362 1818 1413 sui
1849 1363 1993 1414 Buce-

346 1436 499 1498 phali,
526 1436 713 1486 urbem
740 1437 922 1498 erexit)
946 1443 1060 1487 tum
1096 1438 1255 1486 etiam
1289 1436 1601 1499 tragoediam
1636 1437 1891 1489 conficere
1920 1439 1996 1487 De

353 1512 449 1561 vita
481 1512 539 1560 (g,
571 1513 693 1563 obitu
725 1513 957 1574 vtriusque
988 1517 1205 1571 nostrum,
1235 1529 1404 1575 eaque
1440 1513 1603 1564 exibit
1641 1513 1742 1564 sub
1776 1514 1996 1565 nomine

353 1594 463 1647 tuo,
491 1589 710 1650 ejusque
744 1595 802 1638 tu
836 1590 937 1638 eris
971 1595 1213 1639 matrona
1246 1592 1363 1650 (cur
1400 1605 1511 1639 non
1550 1590 1694 1640 enim
1732 1594 1991 1647 matrona,

190 1665 312 1713 2860
354 1664 490 1713 sicut
542 1671 798 1727 patronus
818 1664 856 1724 ?)
911 1665 1240 1731 nuncupabo
1286 1665 1495 1723 autem‚‘
1534 1665 1994 1718 LACHRYMAS

357 1740 740 1789 MVSARVM.
769 1740 897 1805 [163]

416 1817 537 1864 Dro.
567 1817 685 1865 Imo
711 1816 956 1875 Pedanti,
978 1815 1219 1877 quandiu
1243 1816 1588 1878 imaginativa
1610 1816 1777 1865 virtus
1799 1821 1892 1867 tua
1914 1817 1998 1868 vel

355 1894 409 1940 de
431 1893 536 1950 ista,
564 1893 647 1941 vel
673 1893 794 1941 circa
815 1893 966 1951 istam,
989 1893 1073 1941 vel
1093 1892 1143 1941 in
1167 1893 1255 1942 ista
1272 1891 1446 1941 defixa
1466 1897 1561 1950 est,
1582 1897 1690 1942 tam
1709 1891 1802 1942 diu
1820 1892 2000 1943 anima

354 1969 593 2029 sequitur
615 1974 1027 2031 temperaturam
1052 1969 1306 2030 corporis.

193 2043 313 2094 2865
423 2045 539 2094 Tus,
569 2045 705 2094 Cum
731 2045 822 2094 illa
843 2045 1046 2094 vtinam
1070 2044 1113 2092 δε
1137 2060 1235 2106 ego
1259 2044 1534 2107 perijssem
1558 2044 1737 2093 simul.

419 2121 529 2169 Cro.
568 2121 837 2171 Plurimas
871 2137 970 2182 ego
1004 2120 1236 2182 virgines
1269 2120 1511 2179 antehac,
1549 2119 1592 2168 ἃ
1624 2136 1737 2169 non
1768 2120 2000 2181 virgines

357 2195 516 2245 docui
551 2202 775 2245 mortem
811 2203 869 2248 ut
902 2202 1305 2246 contemnerent
1347 2213 1357 2244 :
1401 2195 1516 2245 haec
1563 2196 1743 2245 Vitam
1777 2212 1832 2244 se
1866 2195 1998 2247 dixit

358 2289 511 2321 suam
535 2273 627 2322 vili
648 2272 899 2335 pendere,
928 2273 1006 2322 Te
1028 2272 1134 2322 fata
1158 2271 1321 2321 modo
1345 2277 1559 2322 seruent
1581 2273 1926 2322 incolumem.

418 2350 537 2397 Ped.
567 2349 728 2409 AEgre
752 2348 971 2411 quidem
996 2365 1188 2398 maneo
1228 2348 1284 2397 in
1317 2348 1424 2396 vita
1448 2347 1733 2409 (siquidem
1758 2348 1865 2396 vita
1887 2346 2003 2398 haec

200 2426 322 2486 2870
363 2425 542 2486 potius
556 2424 783 2474 dicenda
797 2425 864 2475 sit
877 2441 1039 2485 quam
1055 2441 1198 2473 mors
1211 2423 1346 2486 ipsa)
1360 2429 1585 2472 mortem
1603 2439 1763 2472 nemo
1782 2422 2001 2483 quidem

365 2500 541 2550 bonus
587 2499 910 2551 reformidat.
961 2501 1089 2549 Non
1134 2505 1212 2549 est
1255 2499 1398 2549 enim
1443 2515 1586 2547 mors
1630 2499 1693 2560 ijs
1736 2498 2000 2557 terribilis,

362 2593 593 2636 quorum
618 2577 747 2625 vivit
768 2582 890 2639 post
921 2575 1110 2625 funera
1142 2576 1308 2624 vi1²tus
1336 2591 1346 2623 ε
1375 2574 1469 2623 sed
1493 2574 1769 2636 (quoniam
1803 2574 1894 2622 illa
1926 2574 2003 2622 sic

363 2652 554 2713 voluit)
594 2653 799 2701 utinam
837 2646 1052 2714 possem
1095 2651 1383 2700 Nestoreos
1424 2651 1479 2699 in
1517 2666 1687 2698 annos
1725 2649 1919 2708 vivere,
1959 2648 2004 2696 &

363 2728 539 2777 vivam
576 2734 731 2787 certe,
758 2734 811 2777 at
843 2744 955 2777 non
993 2726 1060 2776 ad
1094 2725 1494 2789 deponendum,
1529 2724 1622 2774 sed
1655 2724 1723 2774 ad
1757 2724 2001 2774 confirm-

198 2803 317 2865 2875
362 2803 562 2852 andum
588 2803 847 2853 dolorem.

424 2881 545 2928 Dro.
575 2881 699 2929 Hoc
723 2886 902 2930 autem
926 2879 1098 2928 simile
1117 2885 1195 2927 est
1213 2879 1277 2937 ei,
1300 2876 1446 2938 quod
1469 2876 1678 2938 scripsit
1693 2876 2003 2924 Aristoteles

364 2955 668 3005 Alexandro
693 2955 759 3005 de
783 2955 919 3004 libro
940 2955 1312 3016 Physicorum,
1333 2953 1504 3002 editum
1525 2969 1624 3000 eum
1641 2968 1742 3010 esse,
1763 2951 1899 3012 quasi
1916 2967 2004 3000 non

360 3035 468 3079 esset
486 3032 672 3081 editus:
699 3032 775 3080 sic
798 3037 856 3081 tu
879 3031 1025 3080 vives
1049 3031 1202 3092 quasi
1226 3046 1336 3079 non
1359 3029 1580 3078 viveres.
1609 3026 1737 3089 [164]

426 3108 541 3155 Tus.
570 3107 717 3169 Quin
740 3107 899 3155 etiarn
923 3107 1095 3156 noluit
1118 3111 1176 3155 ut
1199 3106 1425 3167 lugeres.

201 3181 321 3229 2880
422 3183 541 3230 Ped.
571 3183 688 3232 Nec
719 3183 917 3244 lugeo:
947 3182 1125 3244 grauis
1159 3198 1296 3239 sum,
1330 3197 1440 3229 non
1474 3166 1687 3228 maestus
1725 3194 1737 3226 :
1773 3177 2003 3228 multum

363 3256 476 3306 haec
495 3258 630 3307 inter
647 3275 703 3307 se
721 3257 991 3307 differunt.
1010 3256 1154 3321 Quid
1168 3258 1212 3306 si
1229 3262 1457 3306 vestram
1477 3255 1619 3304 hanc
1636 3253 2003 3338 gravissimam

362 3334 711 3386 monasticam
734 3334 899 3384 vitam
923 3333 1172 3398 profitear
1194 3332 1453 3395 posthac?
1478 3332 1709 3380 Possum
1739 3329 1998 3391 jejunare,
