2444 4140
573 356 605 395 2
987 338 1301 394 Pedantius
1323 340 1376 393 A
1394 382 1406 394 .
1430 351 1473 393 Ι.
1499 341 1592 396 Sc,
1617 351 1660 394 Ι.

1038 523 1223 576 Actus
1252 524 1300 577 Ι.
1330 523 1508 577 Scena
1536 486 1584 578 Ii.

953 663 1257 712 CROBOLvs.
1287 663 1668 714 PoGGLosTVS.

629 796 927 844 Hominem
943 795 1115 855 nihili,
1134 797 1376 856 inertem,
1399 796 1697 856 indocilem,
1711 799 1944 859 pessime
1964 805 2220 849 moratum

566 872 987 921 Cacodaemones
1008 890 1196 922 omnes
1221 874 1450 922 maiores
1468 874 1547 923 tui
1569 874 1821 933 lacerent,
1845 875 2217 925 insulsissime.

459 947 516 998 25
565 949 864 1010 Quousque
890 955 939 998 te
965 955 1019 998 vt
1041 951 1331 1012 puerulum
1357 951 1893 1012 aliquempraeceptis
1914 951 2222 1001 instituam?

564 1025 714 1073 Nihil
741 1027 958 1088 proprio
982 1033 1136 1089 potes
1164 1027 1374 1076 Marte?

622 1103 744 1164 Pog.
773 1102 858 1152 Tu
894 1103 1077 1152 omnia
1109 1109 1263 1166 potes
1297 1102 1565 1153 videlicet.
1596 1104 1692 1153 Vis
1728 1106 1953 1167 experiri
1991 1107 2218 1155 Martem

561 1196 743 1227 meum
764 1179 783 1226 Ρ

625 1256 736 1304 Cro.
760 1257 878 1317 Ego
905 1257 1065 1306 istum
1092 1257 1354 1319 ineptum,
1377 1274 1539 1318 quern
1559 1256 1751 1306 videtis
1772 1258 1828 1307 in
1845 1259 2036 1320 plateis
2055 1258 2218 1308 modo

455 1333 515 1380 3o
559 1332 923 1382 errabundum
949 1333 992 1381 &
1014 1350 1232 1395 vagum,
1260 1333 1499 1383 hominis
1524 1335 1773 1383 misertus
1792 1335 1989 1394 miseri,
2023 1335 2218 1385 servuli

561 1410 617 1457 in
648 1410 829 1459 locum
864 1411 1066 1472 accepi,
1093 1417 1150 1459 vt
1184 1417 1338 1470 esset,
1377 1411 1471 1471 qui
1504 1417 1714 1479 tergum
1748 1411 1951 1460 fortiter
1984 1417 2220 1462 tueretur·

558 1503 758 1545 meum,
798 1486 1025 1548 mihique
1050 1487 1117 1548 [3]
1154 1486 1307 1549 (dum
1343 1504 1443 1548 ego
1484 1486 1674 1549 Lydiae
1714 1504 1800 1536 me
1840 1503 1974 1537 meae
2009 1494 2217 1537 ostento

548 1563 1004 1624 magnificentius)
1028 1565 1292 1626 parasitus
1316 1570 1455 1613 esset
1483 1581 1493 1612 :
1522 1563 1629 1613 Sed
1660 1564 1732 1612 ita
1767 1564 2035 1613 mehercle
2069 1564 2217 1614 rudis

557 1646 651 1699 est,
685 1647 741 1688 vt
764 1640 983 1690 bubulis
1006 1642 1182 1702 potius
1206 1640 1249 1688 ἃ
1271 1641 1528 1703 porcarijs
1551 1640 1694 1690 heris
1730 1642 2018 1690 conueniat
2051 1658 2215 1702 quam

451 1715 510 1764 35
558 1733 820 1777 generoso
853 1717 895 1765 &
929 1718 1146 1767 vrbanis
1187 1718 1395 1767 imbuto
1431 1717 1663 1767 moribus
1697 1718 1949 1767 Crobolo.
1978 1719 2215 1780 Aspicite

556 1800 757 1854 gestum
795 1794 1029 1843 ferocem
1071 1795 1394 1844 calcitronis.
1441 1796 1605 1854 Hem,
1650 1796 1960 1856 Poggloste,
2004 1795 2125 1856 quis
2164 1801 2214 1844 te

556 1869 740 1921 docuit
763 1877 871 1920 tam
898 1871 1122 1933 pulchre
1146 1864 1400 1921 humeros
1424 1871 1650 1934 vibrare,
1677 1878 1937 1932 natesque
1958 1871 1976 1919 ?

618 1949 740 2009 Pog.
770 1947 917 2010 Quid
940 1948 1035 1996 tibi
1062 1949 1136 1997 rei
1162 1954 1240 1997 est
1264 1966 1388 1998 cum
1414 1948 1548 1997 meis
1572 1947 1804 2007 natibus,
1834 1948 2056 1996 obsecro
2077 1948 2096 1995 ?

621 2025 731 2072 Cra.
773 2024 1010 2083 Faciam,
1048 2031 1104 2073 vt
1133 2031 1297 2084 nutus
1338 2024 1592 2075 obserues
1627 2041 1795 2083 meOS,
1824 2024 2080 2086 improbe.
2106 2024 2212 2073 Vbi

448 2117 512 2162 40
555 2101 732 2150 cultus
766 2100 895 2150 hero
931 2101 1183 2151 debitus?
1218 2102 1326 2151 Cur
1359 2118 1471 2150 non
1505 2106 1688 2163 aperto
1724 2102 1914 2163 capite,
1947 2100 2087 2149 flexo
2120 2117 2213 2163 po-

553 2178 701 2239 plite,
725 2179 973 2239 expansis
993 2178 1261 2237 manibus,
1283 2179 1437 2227 vultu
1456 2177 1693 2237 amabili,
1722 2184 1871 2226 motu
1897 2178 2041 2238 agili,
2063 2177 2212 2226 blan-

553 2252 696 2302 dulis
721 2255 1192 2304 assentatiunculis
1217 2254 1350 2303 mihi
1375 2271 1430 2303 es
1456 2254 1800 2314 obsequens?
1825 2254 1962 2303 Haec
1992 2270 2092 2315 ego
2115 2253 2212 2303 tibi

553 2331 764 2390 quoties
789 2331 1094 2390 inculcabo,
1118 2330 1743 2393 stupidissime,ferreum
1770 2331 1862 2391 qui
1885 2329 2053 2379 habes
2072 2347 2210 2379 cere-

552 2406 727 2466 brum,
756 2408 843 2456 cui
878 2408 1092 2457 nullum
1133 2408 1369 2469 imprimi
1411 2413 1587 2469 potest
1625 2413 1973 2470 praeceptum,
2011 2423 2120 2468 quo
2159 2412 2210 2455 te

444 2483 505 2544 45
550 2482 800 2533 decenter
822 2501 975 2545 geras
995 2484 1014 2532 Ρ

610 2561 734 2622 Pog.
765 2561 929 2620 Here,
944 2560 1137 2623 frigent
1155 2577 1275 2609 nune
1296 2560 1476 2609 dierum
1495 2563 1733 2623 praecepta,
1753 2560 2012 2621 exemplis
2037 2558 2208 2608 erudi-

550 2653 670 2685 mur
705 2653 894 2686 omnes
929 2638 1124 2699 aptius.
1161 2638 1340 2700 Quare
1374 2643 1432 2687 tu
1471 2637 1746 2700 paulisper
1780 2635 2012 2698 docendi
2047 2642 2208 2699 causa

548 2730 765 2762 seruum
790 2720 840 2762 te
866 2714 1087 2763 simules
1110 2730 1120 2762 ε
1143 2714 1220 2763 sic
1249 2730 1348 2775 ego
1372 2719 1495 2763 tuos
1519 2712 1755 2763 ediscam
1780 2718 1979 2774 gestuS,
2008 2712 2204 2771 vultus,

548 2806 742 2849 mores,
770 2790 933 2839 verba
955 2791 1302 2839 foelicissime.
1333 2789 1400 2852 [4]

443 2865 505 2914 50
613 2866 723 2914 Cro.
754 2866 1000 2915 Tandem
1027 2867 1199 2915 sentio
1224 2883 1410 2928 sapere
1434 2872 1502 2925 te,
1531 2866 1823 2927 Poggloste
1847 2882 1857 2913 :
1886 2866 2029 2914 Istoc
2060 2865 2203 2914 enim

545 2948 704 3004 pacto
728 2944 928 3004 poteris
952 2943 1036 2992 vel
1061 2943 1192 2991 alter
1217 2943 1335 3003 Ego
1361 2942 1496 2991 effici
1520 2958 1531 2990 ε
1558 2941 1642 2991 Tu
1665 2941 1910 3004 pallium,
1932 2941 1976 2989 &
1998 2942 2203 3004 pileum

546 3019 730 3080 accipe
759 3035 769 3067 ε
797 3019 929 3067 mihi
954 3019 1122 3067 telum
1148 3017 1282 3067 cedo
1313 3035 1324 3066 :
1351 3016 1717 3066 animadverte
1742 3018 1867 3067 iam.

607 3095 730 3156 Pog.
775 3095 999 3144 Servum
1033 3094 1126 3156 pol
1160 3093 1392 3156 probum
1420 3110 1432 3154 ;
1470 3093 1564 3142 sed
1597 3094 2080 3150 assentatiunculas
2119 3111 2202 3143 ex-

586 3176 668 3218 ect
710 3207 720 3219 .

442 3244 501 3293 55
545 3186 581 3231 p
611 3187 721 3294 Cri).
757 3247 845 3296 Sic
885 3263 1011 3308 ergo
1051 3245 1199 3296 dicas
1251 3252 1474 3308 oportet,
1511 3249 1535 3295 ὁ
1579 3247 1768 3296 charum
1809 3251 1947 3309 caput
1994 3247 2195 3306 Croboli,
