2444 4140
2006 187 2108 242 153

295 341 407 386 Ter.
437 340 557 384 And.
591 339 630 384 I.
662 343 702 384 5.
738 355 803 394 19,
836 356 889 386 20
920 352 931 381 ε
964 353 1085 384 uxor
1115 340 1202 384 tibi
1236 339 1464 385 ducenda
1499 344 1589 394 est,
1621 338 1900 396 Pamphile,
1932 339 2100 394 hodie,

349 412 535 465 inquit;
558 421 682 466 para
705 423 714 452 :
739 407 819 453 abi
841 408 1056 453 domum.
1082 409 1139 454 Id
1158 408 1278 453 mihi
1298 413 1457 454 visust
1478 409 1658 462 dicere,
1683 407 1764 453 abi
1792 412 1890 453 cito
1921 414 1969 452 et
1999 423 2103 454 sus-

349 478 512 535 pende
546 483 610 521 te.
646 477 835 530 (where
866 478 1158 532 Pamphilus
1190 481 1231 523 is
1262 477 1480 535 perhaps
1515 477 1755 534 referring
1792 483 1841 522 to
1873 477 2100 531 Plautus,

348 549 473 592 Paen.
498 547 535 591 Ι.
561 563 601 593 2.
624 554 678 600 96
701 561 711 591 :
735 546 817 590 abi
838 546 1040 590 domum
1061 560 1119 591 ac
1142 547 1392 602 suspende
1413 547 1496 599 te).

131 622 274 659 2781
309 617 562 672 Concrepuit
568 617 668 672 jam
687 618 839 660 ostium
858 614 911 659 ab
931 629 993 659 ea.

293 685 405 730 Ter.
427 685 548 729 And.
574 684 661 729 IV.
687 700 725 728 1.
749 688 800 728 58
823 698 833 729 :
858 687 1148 739 concrepuit
1166 684 1282 729 hinc
1304 699 1333 729 a
1355 683 1590 742 Glycerio
1610 688 1808 729 ostium.

130 759 274 796 2704
303 755 461 800 animis
479 756 704 810 separatis.

293 823 463 877 Seton,
485 823 719 868 Dialectica
741 836 757 867 .·
775 821 968 867 Animae
987 826 1247 878 separatae,
1268 822 1458 867 scilicet
1473 836 1503 867 a
1520 836 1746 880 corpore,
1766 823 1942 868 Partes
1959 822 2010 867 id
2028 828 2104 869 est

350 891 656 938 substantiae.

293 961 343 1007 S.
366 960 542 1006 Thom.
564 960 660 1017 Aq.
683 961 733 1006 S.
757 959 839 1006 Th.
860 960 899 1005 I.
923 967 990 1013 89.
1017 977 1035 1004 1
1062 960 1260 1014 :jutrum
1280 963 1445 1006 anima
1466 966 1698 1018 separata
1719 975 1748 1006 a
1769 974 1979 1018 corpore
1995 974 2104 1019 pos-

350 1034 412 1075 sit
431 1029 708 1084 intelligere
725 1033 742 1074 ?

131 1103 275 1141 2705
310 1102 355 1144 in
370 1100 563 1154 galaxia.
741 1151 744 1154 ⁴

293 1167 397 1214 Cic.
419 1169 580 1213 Somm.
602 1168 717 1224 Seip.
740 1166 985 1219 (Macrob.
1005 1167 1044 1212 I.
1066 1168 1150 1219 10.)
1172 1179 1182 1208 t
1207 1167 1427 1226 Quaesivi
1448 1172 1630 1223 tamen,
1649 1172 1902 1213 viveretne
1922 1171 2033 1224 ipse
2054 1173 2103 1214 et

349 1236 556 1282 Paullus
591 1243 732 1292 pater
767 1242 816 1281 et
845 1237 929 1281 alii
959 1251 1085 1293 quos
1106 1251 1199 1281 nos
1221 1241 1491 1282 exstinctos
1520 1236 1919 1283 arbitraremur...
1945 1238 2102 1282 Immo

347 1320 483 1360 vero,
500 1309 674 1361 inquit,
692 1309 727 1349 ii
744 1308 964 1349 vivunt...
984 1319 1193 1362 corpore
1208 1305 1358 1349 laxati
1375 1306 1514 1350 illum
1534 1306 1757 1351 incolunt
1773 1306 1938 1351 locum
1955 1320 2103 1363 quem

347 1375 504 1419 vides.
530 1375 651 1418 Erat
671 1379 837 1420 autem
857 1378 900 1419 is
922 1374 1325 1430 splendidissimo
1354 1374 1571 1419 candore
1600 1378 1728 1419 inter
1755 1375 1980 1420 flammas
2010 1379 2102 1420 cir-

348 1457 435 1488 cus
465 1443 684 1499 elucens,
717 1457 866 1498 quem
893 1458 1001 1497 vos,
1032 1449 1086 1487 ut
1116 1458 1144 1487 a
1175 1442 1340 1488 Graiis
1372 1447 1653 1498 accepistis,
1686 1443 1859 1488 orbem
1887 1444 2103 1489 lacteum

346 1517 660 1568 nuncupatis.
698 1511 995 1557 Translated
1033 1511 1101 1570 by
1136 1511 1379 1566 Chaucer,
1414 1513 1664 1557 Parlement
1691 1512 1743 1569 of
1763 1513 1919 1558 Foules
1940 1516 2099 1558 50-56:

347 1582 463 1627 And
501 1580 703 1638 rightful
739 1581 843 1625 folk
882 1580 992 1626 shal
1031 1595 1110 1637 go,
1153 1580 1276 1625 after
1315 1581 1434 1638 they
1473 1581 1586 1639 dye,
1627 1581 1702 1627 To
1747 1582 1909 1627 heven
1950 1599 1961 1637 ;
2004 1583 2103 1628 and

348 1650 553 1695 shewed
573 1651 676 1694 him
695 1650 779 1694 the
800 1650 1027 1707 galaxye.

72 1772 75 1774 ι
129 1725 272 1762 2700
301 1721 498 1765 Relativa
519 1723 666 1764 actu...
687 1721 735 1764 ut
752 1718 913 1763 sublato
931 1733 1030 1773 uno,
1053 1719 1276 1764 tollatur...
1299 1719 1496 1764 alterum.

291 1788 342 1834 S.
363 1787 539 1833 Thom.
566 1789 658 1844 Aq.
679 1789 862 1833 Summa
880 1790 986 1831 cont.
1007 1787 1131 1832 Gent.
1157 1787 1197 1832 Ι.
1219 1803 1272 1842 79
1296 1803 1305 1832 :
1329 1788 1538 1832 relativa
1565 1793 1762 1843 oportet
1792 1788 1938 1834 simul
1968 1803 2096 1843 esse,

347 1863 401 1901 ut
420 1872 520 1902 uno
541 1861 838 1912 interempto
859 1855 1413 1901 interimatur“alterum.

293 1926 462 1981 Seton‚
487 1927 721 1971 Dialectica
742 1941 758 1970 .·
783 1925 1013 1970 Relatiua
1035 1931 1149 1969 actu
1171 1931 1284 1970 sunt
1305 1930 1389 1982 qui
1421 1940 1532 1970 sese
1563 1931 1756 1982 ponunt
1784 1926 1825 1971 &
1856 1926 2098 1980 auferunt,

347 1999 379 2039 i.
408 1999 557 2053 positi
579 1994 654 2049 [sc.
689 1993 871 2049 posito]
891 1994 1118 2048 relatiuo,
1141 1998 1339 2051 ponitur
1361 2000 1408 2039 et
1429 1996 1779 2040 correlatiuum
1802 2008 1812 2038 :
1836 1995 1876 2039 &
1906 1995 2102 2041 sublato

347 2065 573 2118 relatiuo,
596 2063 783 2109 tollitur
803 2063 1153 2108 correlatiuum
1176 2076 1185 2105 :
1209 2069 1261 2108 vt
1289 2068 1454 2119 posito
1484 2078 1647 2119 seruo,
1670 2068 1868 2121 ponitur
1889 2065 1929 2109 &
1950 2065 2103 2110 domi-

346 2148 456 2187 nus,
480 2134 519 2177 &
541 2133 738 2178 sublato
755 2133 971 2188 domino,
997 2132 1181 2177 tollitur
1201 2147 1384 2177 nomen
1402 2137 1549 2187 serui,
1568 2147 1684 2178 nam
1700 2132 1977 2178 substantia
1992 2138 2104 2189 ipsa

348 2208 513 2260 potest
532 2216 805 2256 remanere,
827 2216 928 2246 non
956 2207 1123 2246 tamen
1154 2216 1327 2246 seruus
1360 2207 1435 2246 est
1465 2202 1705 2248 dicendus
1736 2203 1826 2247 sed
1854 2203 2020 2258 homo,
2052 2208 2105 2248 vt

348 2272 566 2328 loquitur
586 2271 671 2316 ille
687 2270 1000 2315 Aristoteles.

134 2346 274 2382 2801
314 2343 424 2386 Vitae
443 2356 524 2385 non
543 2343 687 2397 pigeat
703 2339 950 2395 cumfunus
969 2342 1144 2384 amatur
1159 2339 1181 2384 Ρ

298 2410 468 2454 Ihave
503 2420 590 2454 not
624 2408 905 2453 succeeded
935 2412 986 2452 in
1016 2411 1207 2463 tracing
1237 2408 1332 2453 this
1365 2413 1639 2464 quotation,
1661 2423 1752 2454 nor
1777 2410 1827 2462 (1.
1852 2411 1978 2465 2408)
2001 2410 2106 2454 Iam

349 2479 515 2523 faveat
534 2482 709 2533 coeptis
732 2492 852 2522 aura
875 2477 1094 2522 secunda
1115 2481 1256 2522 meis.

134 2554 276 2590 2803
306 2549 462 2593 mihi...
485 2562 554 2592 res
572 2548 632 2592 ad
647 2548 793 2592 restim
812 2547 955 2601 redijt.

295 2616 408 2661 Ter.
431 2617 614 2661 Phorm.
639 2616 726 2660 IV.
750 2638 789 2670 4.
815 2620 836 2660 5
863 2631 871 2659 :
897 2615 962 2660 ad
980 2618 1152 2660 restim
1171 2629 1252 2660 res
1273 2615 1400 2659 redit
1420 2615 1554 2660 mihi.

135 2690 283 2727 2810
311 2688 350 2730 si
369 2686 620 2730 credendum
639 2686 695 2729 sit
715 2685 883 2729 Ovidio.

299 2754 391 2799 Ov.
414 2755 524 2799 Met.
550 2754 594 2798 Ι..
610 2757 706 2799 625.

137 2827 290 2864 2812
318 2838 531 2868 annum...
554 2823 893 2876 climactericum‚
914 2822 1079 2878 Every
1101 2823 1166 2876 7th
1186 2835 1320 2878 year,
1341 2822 1614 2878 especially
1629 2822 1714 2866 the
1730 2821 1843 2876 631d‚
1866 2837 1972 2868 was
1990 2837 2105 2868 con-

357 2891 553 2937 sidered
574 2891 778 2935 critical.
797 2890 888 2947 Cp.
913 2890 991 2936 Sir
1011 2890 1068 2935 T.
1093 2891 1321 2940 Browne,
1354 2891 1525 2946 Vulgar
1543 2893 1729 2945 Errors,
1754 2892 1841 2936 IV.
1864 2905 1948 2936 ΧΗ.

139 2964 288 3002 2814
319 2962 378 3005 ad
395 2961 714 3006 destructionem
734 2959 921 3016 subjecti.

302 3029 352 3074 S.
377 3029 552 3074 Thom.
575 3030 671 3085 Aq.
694 3030 861 3075 Summ.
892 3029 973 3074 Th.
999 3029 1037 3073 Ι.
1060 3043 1110 3074 11.
1135 3034 1202 3074 53.
1229 3042 1280 3074 1c
1313 3043 1322 3073 :
1355 3042 1446 3085 per
1466 3029 1699 3074 accidens
1721 3029 1914 3082 (dicitur
1943 3029 2112 3085 aliqua

356 3098 515 3143 forma
536 3098 801 3153 corrumpi)
823 3112 912 3155 per
933 3101 1301 3155 corruptionem
1323 3101 1397 3142 sui
1421 3097 1644 3143 subiecti.

140 3171 211 3208 28
223 3172 293 3208 18
325 3168 506 3212 Amoris
524 3182 629 3223 erga
649 3171 686 3212 te
703 3168 824 3213 sui...
852 3167 1030 3212 Testem.

303 3235 406 3282 Cic.
429 3238 560 3281 Fam.
582 3237 670 3293 Ep.
695 3236 734 3280 I.
761 3253 779 3280 1
807 3251 816 3280 ε
841 3235 1242 3281 testificatione...
1267 3239 1449 3281 amoris
1471 3249 1589 3292 erga
1610 3240 1657 3280 te
1680 3238 1772 3280 sui.

143 3307 288 3346 2823
304 3303 595 3361 fragilemque
600 3304 847 3361 fortunam.

304 3372 396 3430 Cp.
419 3373 523 3420 Cic.
546 3374 655 3430 Rep.
681 3373 746 3419 II.
770 3380 822 3419 28
842 3373 991 3431 adfln.

143 3443 292 3482 2828
322 3442 579 3488 Policratem
598 3443 795 3488 Samium
815 3442 1014 3488 scribit...
1037 3442 1186 3488 Cicero
1206 3442 1295 3486 (δέ.

306 3509 411 3556 Cic.
432 3511 503 3556 De
521 3511 628 3556 Fin.
651 3511 712 3556 V.
737 3517 805 3556 30.

145 3581 290 3618 2830
330 3578 511 3624 Videtur
529 3579 642 3635 quod
657 3580 732 3625 sic.

311 3646 401 3701 Cp.
428 3663 528 3692 1001
551 3662 595 3692 n.
620 3648 718 3692 and
742 3655 860 3702 1930.
1330 3686 1333 3688 .

150 3717 298 3755 2838
332 3716 466 3760 Nihil
476 3720 712 3772 generatur
731 3718 835 3772 quin
856 3718 963 3763 idem
982 3719 1290 3773 corrumpitur.
1309 3717 1607 3774 Simplicius’
1628 3722 1886 3771 argument
1900 3721 1949 3760 to
1965 3717 2115 3761 Arist.
