2444 4140
567 418 635 458 12
938 397 1270 453 PedautiuS.
1299 398 1351 451 A
1369 440 1381 452 .
1409 407 1452 450 Ι.
1473 398 1566 453 Se.
1595 407 1698 452 ΙΙΙ.

564 556 673 603 imo
699 555 755 603 in
777 553 954 602 sorum
988 553 1230 611 veniunt,
1252 551 1417 613 idque
1451 569 1563 601 non
1597 551 1666 601 ad
1700 551 2216 614 depo-[22]nendam,

563 631 657 680 sed
680 627 1111 679 confirmandam
1135 627 1436 678 audaciam.

625 709 748 756 Dro.
778 707 915 754 Haec
950 711 1076 754 sunt
1110 711 1256 754 extra
1279 721 1516 764 causam,
1546 704 1776 754 Pedanti
1804 721 1815 753 z
1841 711 1893 754 te
1926 722 2110 755 rumor
2143 711 2222 755 est

562 799 758 832 amare.
1961 821 1966 823 ,

427 859 518 909 385
623 860 744 908 Ped.
770 858 945 917 Fama,
971 857 1188 919 malu[m]
1224 875 1310 918 quo
1345 874 1433 906 non
1456 858 1591 906 aliud
1622 857 1816 906 velocius
1838 858 2002 906 vllum.
2032 857 2217 917 Fama,

561 952 746 993 comma,
776 934 1002 996 (malum
1037 933 1114 983 &c
1139 934 1471 996 parenthesis).
1497 935 1694 983 Amare
1728 933 2178 996 vero-ridiculum
2207 951 2218 983 :

561 1010 709 1072 quod
733 1027 833 1072 ego
857 1010 1102 1060 refutabo
1125 1011 1210 1059 vel
1237 1011 1352 1059 sola
1375 1010 1477 1059 hac
1499 1010 1674 1059 fronte
1697 1009 2093 1073 philosophica.

622 1089 745 1137 Dro.
790 1087 1217 1150 Philosophica?
1260 1087 1369 1136 imo
1410 1086 1719 1149 sophistica,
1763 1104 1887 1136 cum
1934 1087 2066 1136 mihi
2110 1093 2220 1136 tam

560 1164 820 1213 fallaciter
843 1163 887 1211 δε
906 1164 1184 1224 aequiuoce
1204 1163 1532 1226 respondeas
1550 1162 1726 1213 :Vidit
1744 1180 1830 1212 me
1850 1163 1971 1212 ideo
1990 1163 2218 1222 venisse,

428 1242 521 1303 390
563 1247 619 1289 vt
663 1247 857 1290 starem
903 1247 1088 1290 contra
1132 1241 1275 1289 viam
1320 1258 1492 1299 suam,
1541 1246 1593 1289 et
1634 1239 1921 1289 'militarem
1967 1238 2222 1288 adversus

561 1334 916 1378 quascunque
940 1318 1318 1366 conclusiones
1338 1317 1680 1379 responsiuas
1700 1317 1831 1374 eius,
1853 1315 1897 1363 δε
1915 1316 2022 1364 iam
2042 1316 2222 1377 itaque

562 1410 674 1442 non
714 1393 876 1443 audet
913 1393 1127 1456 prodire
1169 1410 1233 1442 ex
1273 1399 1426 1447 antro
1471 1392 1936 1451 dissimulationis,
1980 1409 2048 1441 ne
2087 1391 2222 1441 forte

562 1470 766 1519 boreali
805 1476 968 1519 vento
1006 1471 1156 1519 vocis
1196 1486 1330 1518 meae
1370 1468 1748 1528 confundatur,
1785 1468 1829 1516 δε
1862 1468 2133 1530 redigatur
2165 1469 2223 1517 in

512 1573 533 1587 v
562 1547 851 1596 minimum
876 1547 1118 1596 naturale
1148 1545 1345 1595 dabile.

426 1622 517 1685 395
623 1624 744 1672 Ped.
774 1624 1032 1684 Eloquar,
1059 1641 1129 1672 an
1153 1623 1380 1672 sileam?
1405 1622 1511 1671 Sed
1536 1639 1630 1672 cur
1664 1622 1720 1671 in
1753 1638 1808 1671 re
1843 1622 2103 1670 momenti
2127 1621 2221 1670 mi-

563 1699 696 1748 nimi
723 1699 1050 1748 Dilemmate
1074 1706 1192 1748 vtor
1231 1716 1343 1748 non
1377 1699 1679 1748 necessario
1700 1698 1718 1746 ?
1740 1700 1873 1760 Age,
1903 1697 2030 1747 audi
2054 1715 2222 1747 nunc-

563 1775 688 1834 iam,
715 1775 1078 1835 Dromodote,
1106 1776 1203 1824 tibi
1228 1776 1374 1836 (eum
1399 1776 1606 1824 amicus
1641 1775 1708 1824 sit
1742 1775 1874 1823 alter
1909 1773 2073 1835 idem)
2109 1791 2221 1823 rem

563 1868 782 1901 omnem
807 1868 920 1901 non
942 1853 1141 1911 minus,
1169 1869 1332 1912 quam
1359 1851 1604 1901 mihimet
1638 1851 1972 1900 committam
2007 1850 2219 1900 lubens.

573 1929 710 1987 Vror,
739 1929 872 1977 hahes
895 1929 1044 1977 animi
1063 1929 1234 1977 uuucia
1255 1930 1387 1977 verba
1410 1928 1515 1989 mej.
1540 1929 1612 1976 Vt
1645 1933 1725 1976 est
1758 1926 1903 1989 apud
1939 1925 2219 1986 Ouidium,

426 2021 521 2066 4oo
565 2004 663 2066 [23]
689 2005 783 2065 qui
805 2006 936 2054 vixit
957 2005 1292 2067 temporibus
1315 2005 1564 2066 Augusti.
1789 2069 1797 2073 p

623 2082 746 2130 Dro.
780 2083 851 2130 At
884 2097 985 2143 ego
1019 2081 1220 2131 adduxi
1254 2082 1361 2130 iarn
1395 2081 1503 2131 huc
1538 2097 1753 2130 mecum
1779 2080 1844 2128 (in
1882 2079 1986 2129 hoc
2025 2080 2222 2129 scrinio

565 2157 816 2206 cerebelli
839 2157 1261 2207 meiqmaximam
1287 2174 1522 2207 massam
1541 2157 1776 2206 materiae
1793 2155 2131 2215 refutatoriae,
2154 2154 2223 2204 ad

563 2233 949 2284 attenuandam
992 2233 1036 2282 &
1073 2233 1512 2296 frigefaciendam
1564 2234 1619 2282 in
1669 2239 1720 2282 te
1759 2232 1901 2282 hanc
1945 2248 2222 2282 enormem

565 2310 937 2360 ebullitionem
964 2327 1235 2373 corporeae
1268 2310 1594 2372 cupiditatis.
1624 2310 1753 2358 Non
1787 2315 1866 2358 est
1897 2310 2066 2358 Amor
2098 2314 2223 2358 tuus

427 2385 520 2448 405
565 2387 641 2448 (vt
665 2388 842 2449 spero)
867 2388 1072 2437 malum
1098 2387 1515 2447 immedicabile,
1543 2386 1691 2448 quod
1714 2386 1844 2436 dicit
1865 2385 2134 2435 Aristoteles
2156 2383 2223 2433 de

562 2464 815 2513 Avaritia.

624 2540 746 2589 Ped.
776 2540 913 2589 Mihi
948 2558 1049 2590 nec
1082 2541 1259 2590 verbis
1293 2558 1394 2590 nec
1427 2540 1608 2590 herbis
1641 2546 1795 2603 potes
1827 2538 2099 2603 prodesse,
2136 2555 2223 2588 me

566 2617 772 2667 iuvabit
808 2633 921 2667 non
960 2617 1205 2668 medicus
1243 2617 1339 2667 sed
1377 2618 1568 2677 medica,
1606 2618 1731 2666 licet
1769 2617 1914 2666 enirn
1954 2614 2223 2665 interdum

563 2710 766 2744 nouare
788 2694 970 2744 verba.

427 2785 521 2832 410
625 2771 749 2820 Dro.
793 2771 997 2830 Primo,
1041 2772 1300 2831 quoniam
1340 2770 1415 2830 (vt
1452 2770 1680 2820 habetur
1712 2770 1770 2818 in
1803 2773 1951 2831 paruo
1983 2767 2223 2831 Logicali)

564 2847 950 2908 inquirendum
975 2854 1054 2896 est
1076 2846 1210 2908 quid
1235 2848 1302 2896 sit
1324 2864 1424 2906 res,
1447 2853 1738 2907 antequam
1763 2851 1948 2894 contra
1965 2845 2221 2893 Amorem

564 2923 798 2986 disputO,
826 2923 1179 2985 quaerendum
1204 2929 1299 2982 est,
1326 2925 1494 2972 Amor
1517 2921 1649 2982 quid
1673 2922 1757 2970 sit.

626 3001 747 3048 Ped.
778 3001 914 3059 Imo,
942 3003 1185 3060 antequam
1207 2999 1513 3060 disputamus,
1539 2997 1812 3060 Disputatio
1835 2997 1952 3058 quid
1974 3000 2039 3045 est
2059 2996 2078 3044 ?

626 3077 750 3124 Dro.
788 3075 1058 3134 Secundo,
1097 3074 1461 3134 incommoda,
1497 3081 1788 3137 postremo,
1831 3072 2067 3122 remedia
2105 3089 2221 3122 nar-

429 3151 521 3212 415
565 3151 732 3201 randa
756 3158 898 3202 sunt.
928 3153 1011 3201 De
1034 3151 1118 3200 his
1141 3151 1311 3200 tribus
1334 3151 1439 3200 hoc
1460 3157 1701 3212 tempore
1724 3167 1898 3212 pauca
1921 3148 2125 3199 audieS.

626 3228 746 3277 Ped.
778 3228 1019 3277 Omnino
1042 3226 1131 3276 hic
1155 3228 1326 3276 nescit
1347 3226 1673 3276 rhetoricari.
1702 3227 1820 3288 Ego
1844 3225 2098 3275 dixissem
2123 3225 2223 3276 ista
