2444 4140
536 372 602 413 22
960 354 1274 411 Pedantius
1298 354 1351 409 A
1367 397 1379 409 .
1408 364 1480 408 ΙΙ.
1507 355 1597 411 Sc.
1621 366 1697 411 ΙΙ.

529 513 858 562 luxuriantes
882 517 1048 574 paret,
1077 512 1385 574 spectacula
1409 510 1698 572 magnifica
1716 511 1981 573 exhibeat,
2007 514 2191 577 volup-

525 595 658 638 tates
673 606 914 650 quasque
929 594 1242 650 aucupetur,
1264 588 1524 638 famulosf
1537 589 1794 638 amelicos
1813 590 2024 652 expleat
2041 608 2189 640 mun-

529 666 724 725 eribUS,
753 683 839 715 me
864 683 990 714 vero
1017 666 1317 714 Dominum
1343 683 1503 715 suum
1523 667 1714 715 efficiat
1737 683 1747 714 ε
1768 666 1897 715 hinc
1915 667 1958 715 si
1978 668 2189 716 nummi

391 743 483 805 745
527 742 661 792 forte
680 741 949 801 deficiant,
972 741 1174 804 parabo
1194 742 1436 791 sodalem
1461 743 1698 803 aliquem
1723 743 1856 791 mihi
1881 760 1911 791 a
1931 743 2186 806 consilijs,

530 821 623 880 qui
646 818 845 868 fundos
870 819 985 868 eius
1010 835 1198 868 omnes
1222 817 1586 867 haereditarios
1602 825 1745 868 emat
1760 820 1932 881 pretio
1951 820 2188 882 perexig-

527 913 615 955 uo,
644 897 720 945 sic
754 912 854 957 ego
889 894 933 942 δε
967 913 1091 945 cum
1126 896 1219 944 illo
1253 894 1426 955 fundi,
1454 901 1506 944 et
1540 912 1664 945 curn
1699 896 1801 945 isto
1835 897 2190 958 pecuniarum

526 973 794 1035 particeps
818 989 927 1021 ero.

593 1050 709 1098 TuS.
740 1049 884 1098 Novi
909 1050 1036 1098 satis
1066 1048 1471 1099 fraudulentum
1508 1067 1624 1099 esse
1658 1056 1709 1099 te
1743 1050 2070 1110 carnificem,
2099 1052 2190 1100 ita-

390 1125 484 1188 750
528 1144 634 1187 que
660 1143 825 1189 urgeo
851 1127 958 1176 iam
982 1132 1041 1176 ut
1065 1126 1376 1186 satisfacias,
1403 1126 1508 1176 hoc
1543 1127 1688 1176 enim
1722 1144 2022 1190 praecavere
2057 1127 2191 1177 mihi

528 1220 615 1253 me
639 1210 836 1253 movet.

596 1281 707 1330 Cro.
723 1283 794 1329 At
807 1281 1037 1331 nimium
1052 1281 1370 1330 meticulosa
1389 1297 1461 1339 es,
1484 1280 1626 1329 viros
1645 1281 1841 1340 solum,
1859 1298 1971 1330 non
1982 1280 2191 1331 foemin-

528 1375 586 1407 as
615 1357 863 1408 fraudare
898 1358 1063 1417 soleo,
1090 1358 1218 1407 huic
1253 1357 1522 1418 siquidem
1558 1358 1708 1407 sexui
1742 1356 1884 1407 fidus
1919 1375 2040 1407 sum
2075 1375 2187 1407 non

526 1440 737 1484 tantum
762 1435 818 1483 in
843 1435 1097 1497 speciem,
1125 1433 1220 1484 sed
1244 1434 1384 1493 intuS,
1413 1434 1471 1482 <50
1493 1434 1543 1482 in
1568 1438 1679 1482 cute.
1707 1435 1885 1495 Atque
1910 1452 2057 1484 nunc
2091 1434 2188 1484 tibi

391 1511 482 1574 755
527 1517 583 1560 vt
605 1510 827 1561 reddam
854 1511 1001 1572 quod
1035 1517 1213 1570 restat,
1241 1511 1346 1560 alia
1381 1511 1487 1560 iam
1522 1510 1577 1560 id
1611 1528 1894 1573 aggressus
1929 1528 2050 1561 sum
2084 1511 2188 1560 via.

530 1589 687 1638 Nosti
706 1588 802 1651 [43]
823 1589 970 1638 hunc
988 1587 1197 1638 futilem
1219 1587 1589 1650 Paedagogum
1609 1606 1792 1638 meum
1811 1589 2033 1637 rivalem
2052 1588 2190 1637 bene

528 1682 878 1715 nummosum
905 1682 1019 1714 esse
1048 1682 1058 1713 ε
1087 1666 1249 1714 istum
1275 1665 1433 1713 statui
1459 1665 1666 1727 astutijs
1691 1665 1946 1714 omnibus
1970 1663 2039 1714 ad
2061 1681 2189 1714 vsus

529 1759 776 1803 quosque
801 1759 951 1791 meos
973 1742 1189 1804 penitus
1214 1740 1495 1790 corrodere
1524 1758 1534 1790 ε
1563 1742 1638 1790 sic
1673 1740 1716 1788 δε
1750 1742 1840 1790 ille
1875 1740 1944 1790 ad
1978 1757 2189 1790 amores

529 1819 692 1868 hosce
737 1817 1141 1881 persequendos
1186 1817 1415 1867 debilior
1459 1817 1566 1877 fiet,
1615 1817 1659 1865 &
1704 1834 1803 1879 ego
1850 1818 2056 1866 inimici
2102 1834 2188 1867 me

395 1899 489 1958 760
532 1896 794 1957 sanguine
830 1895 1107 1956 saginabo.
1149 1896 1434 1957 Inceptum
1470 1901 1564 1954 est,
1593 1911 1767 1957 spero,
1804 1893 1952 1943 haud
1986 1895 2189 1943 incom-

529 1973 707 2031 mode,
738 1973 926 2021 Exitus
952 1978 1069 2021 acta
1102 1971 1369 2034 probabit.
1398 1971 1505 2020 Sed
1540 1972 1661 2032 quis
1694 1971 1783 2020 hic
1818 1970 2108 2033 strepitus?
2130 1976 2188 2019 tu

530 2049 755 2099 domum
780 2055 1057 2108 revertere,
1085 2065 1185 2110 ego
1211 2048 1568 2110 Pogglostum
1594 2064 1911 2109 consequar,
1939 2052 1998 2097 ut
2022 2046 2189 2108 Tyro—

529 2127 770 2189 phagum
798 2125 1008 2188 agenda
1031 2131 1227 2176 cuncta
1250 2124 1494 2174 doceam.

904 2273 1089 2328 Actus
1114 2271 1391 2328 secundus
1421 2289 1435 2326 .·
1462 2273 1642 2327 Scena

396 2416 487 2481 765
1146 2412 1414 2464 Secunda.

897 2549 1232 2598 PEDANTIVS.
1261 2549 1661 2598 DROMono‘rvs.

1055 2683 1252 2730 LVDIO.
1282 2682 1519 2731 BLETVS.

598 2815 662 2865 P.
689 2814 888 2865 Adeste
924 2815 1195 2874 satellites,
1234 2814 1277 2861 δε
1311 2814 1610 2876 stipatores,
1639 2810 2060 2873 circumcingite‚
2095 2810 2192 2860 cir-

535 2893 857 2942 cumvallate
885 2893 1090 2954 Regem
1115 2897 1370 2950 vestrum,
1396 2894 1618 2952 sceptrum
1641 2906 1786 2937 meum
1810 2906 1922 2938 non
1951 2888 2188 2946 metuite,

316 3030 319 3032 ,
400 2983 491 3033 770
535 2969 629 3018 sed
674 2968 961 3018 defendite.
1011 2968 1152 3026 Tibi,
1204 2968 1373 3025 Blete,
1423 2983 1735 3027 quanquam
1782 2965 2000 3027 ingenio
2045 2963 2192 3014 haud

534 3047 696 3096 nimis
730 3047 919 3108 polles,
960 3044 1057 3107 [44]
1092 3051 1275 3093 tamen
1308 3044 1417 3091 vim
1453 3050 1642 3092 natura
1682 3059 1793 3091 non
1827 3042 2079 3103 negavit:
2107 3040 2192 3090 Tu

536 3130 715 3172 autem
762 3129 899 3171 astes
944 3122 1071 3171 huic
1120 3120 1317 3179 Ludio,
1365 3126 1623 3180 tanquam
1674 3120 1845 3167 Teucer
1892 3120 1972 3167 sub
2026 3117 2192 3179 Ajacis

535 3201 699 3263 clypeo.
730 3200 893 3249 Nunc
918 3199 961 3247 si
986 3199 1042 3247 in
1075 3197 1179 3247 hoc
1203 3196 1390 3245 ardore
1426 3194 1717 3246 iracundiae
1750 3212 1885 3245 meae
1918 3196 2073 3245 illurn
2108 3211 2191 3244 us-

2434 3403 2435 3406 *
2433 3233 2444 3361 vnn-ann*
2437 3162 2444 3215 A...
2439 3096 2444 3138 ...
