2444 4140
304 578 420 628 1205

302 973 420 1006 1210

297 1336 413 1385 1215

294 1731 412 1765 1220

291 2094 407 2144 1225

289 2474 409 2522 1230

286 2850 402 2899 1235

286 3243 304 3275 1
313 3244 404 3289 240

867 425 1177 480 Pedantius
1201 427 1281 482 A.
1309 438 1412 481 HI.
1434 428 1525 482 Se.
1549 438 1593 481 1.
2030 429 2097 485 35

523 580 643 627 Ped.
689 580 889 628 Verum
945 580 1233 639 enimvero,
1281 597 1554 642 generose,
1602 583 1646 630 si
1684 582 1963 631 ‘existimes
2017 600 2102 632 me

463 655 742 716 lenocinijs
773 655 885 703 istis
914 657 1264 716 pecuniarum
1289 658 1407 719 capi
1430 674 1604 719 posse,
1630 664 1741 706 toto
1781 675 1921 707 erras
1944 660 2099 718 coelo,

464 720 519 778 vt
541 730 749 779 dicitur.
779 730 884 779 Sed
907 738 1103 790 tamen,
1131 749 1255 781 011111
1279 733 1427 781 illam
1453 734 1725 782 Ciceronis
1759 735 1864 783 mei
1894 741 2101 784 senten-

462 807 646 854 tiolam
670 813 846 855 mente
870 808 1157 866 revolvam,
1177 810 1293 856 Non
1315 809 1440 857 nobis
1458 810 1604 857 solum
1621 811 1723 858 nati
1737 827 1892 858 sumus
1913 810 2100 859 :video

461 898 546 930 me
571 881 972 941 quodammodo
995 882 1224 944 pedibus
1248 885 1320 933 ire
1345 885 1401 933 in
1424 886 1741 934 sententiam
1764 892 1930 935 tuam.

526 959 643 1019 Tyr.
688 960 835 1006 Bene
875 958 1179 1007 mehercule
1219 959 1366 1018 facis,
1409 960 1452 1008 ἃ
1494 961 1753 1010 Leonidae
1802 963 1962 1011 etiam
2005 968 2099 1012 tuo

460 1034 837 1093 gratissimum,
881 1035 973 1095 qui
1012 1034 1301 1084 adventum
1341 1043 1493 1086 tuum
1534 1043 1775 1099 expectat
1813 1037 2000 1097 avide;
2042 1044 2100 1088 ut

460 1109 675 1169 ingenio
699 1109 901 1159 fruatur
923 1109 967 1157 8ε
990 1111 1246 1159 suavitate
1270 1118 1736 1162 morumtuorum.

520 1186 639 1234 Ped,
668 1185 836 1234 Video
870 1192 921 1234 te
955 1203 1070 1234 esse
1108 1186 1383 1236 hominem
1417 1188 1647 1249 probum
1681 1189 1725 1236 δε
1756 1189 2095 1251 prudentem,

458 1277 570 1309 non
593 1267 672 1309 est
701 1262 844 1309 enim
878 1262 1077 1323 pingue
1112 1262 1370 1322 quiddam
1404 1263 1447 1311 δε
1477 1272 1735 1323 crassum,
1763 1264 1910 1325 quod
1943 1264 2094 1324 dicis,

459 1336 552 1385 sed
577 1343 791 1386 acutum
824 1337 867 1384 &
895 1337 1181 1386 honestum
1216 1339 1392 1387 0113111.
1423 1340 1565 1388 Ν3111
1599 1340 1787 1389 laudas
1820 1358 1923 1400 me,
1950 1341 2097 1401 quod

458 1429 556 1473 ego
581 1414 725 1474 (cum
750 1412 1100 1462 verecundior
1123 1414 1245 1475 sim)
1269 1416 1470 1463 nollem
1493 1415 1607 1464 fieri
1629 1433 1640 1475 ;
1667 1416 1760 1465 sed
1784 1417 1900 1466 laus
1925 1418 2097 1478 sequi-

455 1494 539 1537 tur
561 1488 872 1549 fugientem.

521 1565 637 1626 Tyr.
667 1564 1000 1614 Invidiosum
1020 1571 1158 1614 esset
1175 1583 1286 1615 non
1303 1566 1521 1616 laudare
1539 1584 1682 1626 eum,
1709 1569 1862 1618 cuius
1885 1569 2002 1618 laus
2025 1568 2094 1618 ab

455 1641 656 1689 ultimis
678 1640 983 1702 Academijs
1008 1640 1106 1703 [69]
1130 1642 1458 1703 vrbibusque
1492 1643 1548 1691 in
1584 1644 1842 1705 Regalem
1877 1645 2093 1695 Curiam

453 1717 764 1777 penetravit.

515 1793 634 1840 Ped.
660 1793 883 1853 Accipio
907 1809 1225 1854 responsum
1250 1810 1260 1841 ε
1285 1795 1508 1855 Iamque
1526 1801 1576 1844 te
1595 1797 1922 1858 complector
1939 1797 2093 1846 istam

455 1867 524 1915 ob
569 1868 817 1917 virtutem
861 1874 1026 1927 tuam,
1071 1886 1133 1918 30
1172 1870 1215 1917 51
1254 1875 1462 1919 1311111111
1500 1870 1724 1921 facultas
1759 1888 1878 1920 mea
1914 1879 2095 1934 posset

454 1950 715 2003 quantum
759 1945 1007 1994 voluntas
1052 1946 1215 2006 cupit,
1264 1945 1592 1996 effunderem
1645 1948 1888 2009 protinus
1943 1948 1999 1997 in
2042 1953 2093 1997 te

452 2020 676 2080 pelagus
699 2019 1084 2070 beneficiorum
1109 2037 1370 2070 meorum.
1837 2077 1841 2080 ⁴

517 2096 634 2157 Tyr.
684 2096 1013 2144 Grauissime
1058 2098 1324 2158 magister,
1371 2097 1676 2147 humanitas
1720 2105 1812 2149 tua
1850 2100 1961 2162 jam
2007 2116 2092 2149 me

451 2170 709 2231 audacem
733 2170 858 2220 facit
879 2188 890 2231 ;
917 2188 1086 2221 111111111
1110 2171 1214 2221 hoc
1239 2173 1397 2234 igitur
1429 2180 1626 2235 petam,
1653 2181 1711 2224 ut
1734 2175 2011 2237 (quoniam
2034 2181 2091 2224 tu

451 2245 594 2307 apud
628 2247 924 2308 principem
961 2248 1238 2297 Gratiosus
1267 2248 1477 2298 futurus
1511 2249 1588 2310 es)
1611 2251 1714 2312 mej
1751 2252 1912 2300 etiam
1946 2251 2091 2313 apud

452 2320 683 2370 eundem
708 2339 912 2391 memor
936 2329 993 2372 ut
1016 2324 1119 2372 sies
1141 2340 1152 2382 3
1178 2330 1229 2372 te
1261 2330 1463 2373 certum
1497 2331 1576 2374 est
1608 2325 1755 2375 brevi
1780 2326 2018 2376 futurum
2043 2328 2091 2376 ei

451 2414 481 2445 a
506 2398 773 2459 Consilijs,
800 2404 1252 2460 tractaturumque
1287 2401 1502 2462 negotia
1534 2402 1766 2450 maxima
1798 2402 1959 2452 huius
1991 2404 2088 2452 rei-

450 2472 678 2534 publicae,
692 2473 834 2540 unde
857 2473 1012 2523 facile
1029 2476 1227 2536 poteris
1245 2476 1377 2524 mihi
1395 2476 1662 2527 interdum
1683 2478 1882 2539 optime
1897 2479 2087 2540 opitul-

450 2549 599 2597 arier.
684 2549 688 2556 ⁴
1188 2604 1192 2609 ,

510 2626 628 2672 Ped.
658 2625 946 2687 Quoniam,
987 2642 1107 2687 quae
1140 2628 1445 2689 accepimus
1478 2627 1693 2687 utenda,
1720 2629 1908 2678 maiori
1941 2646 2086 2679 men-

450 2717 572 2748 sura
595 2699 812 2749 reddere
837 2701 984 2750 iubet
1006 2703 1065 2750 H
1065 2702 1257 2761 esiodu3‚
1285 2719 1383 2764 ego
1408 2704 1655 2753 imitabor
1677 2721 1832 2766 agros
1864 2704 2082 2763 fertiles,

448 2776 540 2835 qui
575 2777 744 2825 multo
778 2777 901 2838 plus
934 2777 1164 2827 reddunt
1197 2795 1359 2839 quam
1394 2786 1713 2841 acceperunt
1739 2796 1750 2828 :
1776 2780 1853 2829 sic
1880 2781 2086 2830 semina

447 2851 560 2899 h‘aec
591 2851 978 2901 benevolentiae
1012 2859 1116 2902 tuae
1144 2854 1200 2902 in
1235 2855 1385 2904 istius
1418 2855 1646 2917 pectoris
1678 2855 1847 2904 fundo
1881 2855 2085 2906 radices

448 2934 606 2987 agent
649 2928 949 2986 altissimaS‚
996 2928 1372 2991 proferentque
1416 2930 1510 2979 tibi
1559 2929 1787 2980 messem
1832 2948 2083 2993 magnam

447 3003 643 3051 amoris
677 3004 859 3063 nostri,
886 3005 1052 3053 nostri
1086 3005 1349 3066 (inquam)
1385 3005 1482 3069 [70]
1517 3007 1593 3055 sic
1626 3007 1769 3055 enim
1809 3013 2083 3069 magnates

446 3078 637 3138 reliqui
662 3080 818 3127 vestri
842 3079 990 3142 (socij
1017 3081 1142 3142 mej)
1166 3082 1476 3142 loquuntur,
1503 3082 1723 3132 annon?

511 3154 627 3215 Tyr.
658 3155 868 3204 Licebit
890 3155 986 3204 tibi
1009 3155 1262 3219 deinceps
1280 3158 1425 3218 regio
1444 3158 1593 3218 loqui
1611 3174 1775 3217 more,
1795 3164 2080 3220 postquam

446 3230 557 3289 regi
578 3229 852 3279 familiaris
874 3230 1044 3281 factus
1066 3231 1246 3281 fueris.
1274 3233 1615 3282 Praestolatur
1639 3234 1750 3296 jam
1773 3250 1864 3284 rex
1886 3232 2080 3283 adven·

445 3310 560 3357 tum
583 3322 763 3357 meum
791 3322 802 3354 ε
829 3306 930 3356 3111’
953 3307 1112 3372 igitur
1134 3314 1417 3360 venturum
1440 3309 1528 3359 te?
