2444 4140
493 383 560 456 72
892 365 1206 441 Pedantius
1229 369 1310 440 Α.
1345 395 1404 440 V.
1439 368 1524 442 S'c.
1553 396 1656 442 ΙΙΙ.

888 568 1072 623 Actus
1100 568 1362 640 Quintus,
1393 569 1572 624 Scena

319 713 443 763 2530
1131 708 1329 759 Tertia.

821 828 1153 877 GILBERTVS.
1307 828 1643 878 PEDANnvs.

1086 947 1377 997 PAR1LLVS.

552 1067 654 1116 Gil.
683 1066 882 1116 Salutis
916 1066 1164 1129 impertio
1189 1066 1285 1116 tibi
1310 1066 1627 1129 plurimum,
1655 1066 1976 1117 venerabilis
2000 1083 2146 1130 mag·

486 1144 612 1193 ister
637 1142 885 1193 Pedanti.

320 1221 441 1281 2535,
546 1222 667 1270 Ped.
696 1220 935 1270 Salutis?
961 1220 1187 1270 Minime
1221 1237 1367 1270 vero.
1397 1220 1543 1284 Quid
1567 1237 1741 1282 agam,
1772 1221 1895 1284 Quo
1921 1220 2143 1283 fugiam,

428 1316 431 1321 ¹
489 1298 613 1360 Quo
638 1314 724 1347 me
747 1303 969 1357 vertam,
999 1298 1185 1346 Patres
1210 1298 1499 1360 conscripti
1520 1297 1539 1346 Ρ

552 1374 654 1423 Gil.
674 1374 851 1437 Quid?
870 1374 955 1423 Ne
974 1375 1237 1436 respicere
1257 1373 1479 1435 quidem
1505 1375 1664 1434 soles,
1687 1375 1780 1435 qui
1803 1380 1854 1423 te
1879 1374 2149 1424 salutant?

548 1453 668 1500 Ped.
715 1451 1059 1500 Amicissime
1117 1451 1358 1500 Gilberte
1408 1457 1606 1511 noster,
1665 1467 1848 1512 quaeso
1903 1451 2141 1514 ignosce,

485 1527 634 1590 quod
668 1534 719 1577 te
754 1528 1100 1590 neglexerim,
1128 1518 1253 1578 cum
1287 1527 1468 1578 hercle
1503 1545 1614 1578 non
1649 1528 1909 1577 noverim.
1946 1528 2054 1577 Cur
2087 1533 2145 1578 tu

320 1606 444 1668 2540
488 1606 560 1654 ita
584 1622 702 1655 raro
727 1604 794 1654 ad
819 1622 918 1654 nos
938 1605 957 1653 ?
979 1605 1294 1667 peregrinus
1313 1605 1424 1667 jam
1450 1605 1533 1654 his
1558 1606 1615 1654 in
1644 1605 1778 1654 locis
1802 1603 1846 1653 &
1869 1604 2066 1668 hospes
2090 1621 2147 1654 es

486 1683 563 1745 (in
598 1699 707 1743 quo
742 1681 963 1743 quidem
1000 1683 1199 1732 irascor
1231 1681 1349 1743 tibi)
1373 1683 1459 1731 vel
1494 1682 1654 1731 etiam
1689 1682 1844 1740 hostiS,
1882 1699 2007 1731 nam
2042 1682 2147 1731 hoc

488 1766 599 1809 erat
629 1776 831 1809 nomen
865 1757 1093 1821 hospitis
1127 1758 1273 1821 apud
1308 1759 1560 1820 antiquos
1597 1759 1726 1808 olim
1765 1760 2061 1818 Romanos,
2089 1764 2148 1808 ut

486 1842 708 1886 testatur
749 1836 937 1885 Cicero
971 1835 1027 1884 in
1070 1836 1291 1898 Officijs.
1330 1836 1471 1885 Sane
1506 1835 1812 1885 humaniter
1845 1834 2064 1894 faceres,
2103 1835 2147 1884 si

488 1913 683 1975 saepius
718 1928 817 1962 nos
855 1912 1128 1961 inviseres.
1158 1912 1400 1975 Propino
1430 1912 1541 1974 jam
1577 1912 1673 1960 tibi
1709 1912 1936 1961 salutem
1971 1911 2148 1974 plenis

323 1989 444 2052 2545
489 1988 755 2039 faucibus.
784 1986 914 2051 [145]

555 2066 657 2116 Gil.
686 2066 849 2114 Potes
874 2082 938 2114 ex
963 2064 1150 2124 codice
1176 2082 1297 2115 meo
1322 2065 1606 2127 conjicere,
1636 2063 1768 2126 quid
1793 2065 1993 2114 velim.-

548 2143 670 2192 Ped.
700 2142 829 2192 Non
864 2159 1065 2203 quaerO,
1094 2141 1226 2203 quid
1260 2143 1411 2201 velis,
1440 2142 1514 2191 mi
1549 2142 1807 2201 Gilberte,
1835 2140 1929 2190 sed
1963 2158 2059 2191 cur
2091 2146 2148 2190 tu

490 2219 545 2268 in
568 2219 652 2268 his
676 2219 989 2282 regionibus
1013 2226 1122 2268 tam
1148 2219 1388 2268 insolens
1413 2218 1557 2268 adsis
1578 2219 1596 2266 ?
1622 2218 1915 2267 Perstrinxi
1938 2217 2150 2267 homin·

489 2313 574 2345 em
600 2296 704 2345 hoc
728 2295 995 2346 vocabulo
1020 2295 1208 2345 facete.
1239 2296 1382 2345 Nam
1416 2296 1611 2345 insolens
1645 2312 1757 2345 non
1792 2295 1969 2344 solum
2002 2310 2148 2357 pere-

322 2372 446 2425 2550
491 2374 706 2435 grinum
749 2372 1032 2435 significat,
1076 2372 1171 2422 sed
1211 2372 1507 2436 superbum
1549 2373 1708 2422 etiam
1753 2389 1764 2420 ε
1812 2371 1855 2419 &
1895 2367 2004 2420 ‘hoc
2049 2387 2149 2433 ego

490 2450 655 2510 volui,
683 2448 952 2511 siquidem
978 2467 1064 2499 me
1088 2467 1373 2512 aggressus
1406 2456 1485 2499 est
1515 2450 1802 2512 imperiose
1833 2446 2146 2497 admodum.

555 2527 657 2576 Gil.
697 2527 972 2590 Quoniam
1013 2533 1327 2589 extorquere
1369 2528 1467 2587 vis,
1505 2527 1642 2576 scias
1682 2543 1767 2576 me
1808 2526 2004 2588 saepius
2042 2525 2150 2575 huc

492 2602 792 2664 advenisse,
819 2610 998 2654 tecum
1023 2610 1083 2654 ut
1106 2621 1320 2666 agerem
1355 2602 1422 2653 de
1455 2603 1786 2666 gravissimis
1810 2601 2108 2655 rationibus

491 2698 810 2744 semperque
845 2682 964 2731 lusa
999 2698 1161 2744 opera
1196 2687 1312 2730 est:
1351 2681 1530 2742 itaque
1565 2698 1711 2730 nunc
1751 2685 1891 2729 certe
1927 2677 2150 2728 mirifice

326 2757 447 2809 2555
494 2757 723 2821 gaudeo,
750 2764 1069 2821 praesentem
1093 2757 1183 2807 hic
1206 2763 1258 2807 te
1281 2755 1500 2807 tandem
1527 2757 1786 2807 contueri.

553 2836 674 2885 Ped.
702 2835 758 2885 Si
784 2835 918 2885 nihil
954 2834 1102 2885 aliud
1136 2836 1286 2894 velis,
1314 2852 1477 2896 quam
1513 2834 1773 2893 contueri,
1811 2850 1842 2882 a
1873 2831 2046 2895 capite
2082 2830 2150 2895 ad

494 2913 695 2962 calcem
732 2930 904 2974 usque
938 2913 1201 2975 perlustra
1235 2917 1294 2962 ut
1326 2911 1493 2970 lubet,
1520 2911 1730 2960 vultum
1765 2909 1912 2959 hunc
1947 2925 2147 2967 meum,

495 2990 810 3050 cultumque
846 2989 1085 3051 corporis
1120 2987 1172 3050 (a
1205 2987 1312 3046 colo,
1352 2987 1475 3046 coliS,
1516 3004 1627 3036 non
1661 2993 1844 3035 tamen
1879 3002 2004 3035 cum
2043 2985 2150 3034 col-

496 3082 651 3126 onus,
679 3073 771 3116 aut
794 3066 1029 3128 agricola
1053 3082 1082 3114 a
1106 3064 1237 3126 colo).
1263 3064 1383 3113 Vox
1407 3062 1613 3122 eadem,
1643 3062 1737 3112 sed
1762 3079 1917 3111 mens
1942 3061 2064 3110 alia.

330 3142 452 3193 2560
561 3142 662 3191 Gil.
692 3143 811 3192 Imo
836 3141 984 3192 aliud
1009 3147 1088 3191 est
1111 3139 1259 3203 quod
1282 3146 1374 3191 tua
1399 3139 1530 3191 mihi
1556 3157 1717 3202 opera
1742 3137 1947 3188 adferre
1973 3143 2151 3201 potest

495 3220 746 3281 amplius.

557 3296 679 3345 Ped.
704 3295 787 3347 Tu
808 3297 919 3359 jam
940 3296 956 3345 i
978 3297 1115 3346 intro
1142 3295 1358 3355 Parille,
1378 3292 1423 3343 ἃ
1447 3293 1576 3358 [146]
1605 3292 2001 3344 Dromodotum
2026 3291 2150 3352 hue,
