2444 4140
605 403 638 455 8
1044 395 1359 452 Pedantius
1382 397 1464 452 A.
1493 407 1537 450 Ι.
1558 399 1652 453 Sc.
1678 408 1750 451 H.

591 555 765 604 virum
789 552 1013 610 bonum,
1041 567 1382 612 generosum,
1409 551 1453 599 &
1476 552 1532 601 in
1555 569 1769 602 summo
1793 552 1962 615 gradu
1986 553 2253 603 literatum

598 630 919 692 Magistrum
945 626 1271 677 Pedantium
1293 627 1312 675 Ρ

661 708 772 756 Cro,
803 702 1267 765 Ludimagistrum
1290 703 1541 754 videlicet
1558 704 1693 754 dicis
1715 722 1726 754 :
1749 707 2085 755 Generosum
2109 706 2254 755 enim

462 803 555 847 240
597 784 760 834 huius
783 780 1020 831 nominis
1043 781 1175 830 noui
1199 781 1493 830 neminem.

460 1166 550 1229 245

458 1549 551 1599 250

459 1930 549 1981 255

458 2315 552 2363 260

458 2694 548 2745 265

458 3090 550 3139 270

657 861 780 909 Dm.
809 858 898 906 Sic
940 863 1035 916 est,
1072 858 1269 919 vulgus
1302 856 1581 907 hominem
1616 875 1680 907 ex
1714 875 1907 919 genere
1941 858 1984 906 δι
2018 859 2255 908 nummis

596 950 919 998 generosum
944 932 1183 996 deputat,
1212 949 1325 983 non
1355 950 1419 983 ex
1451 934 1645 984 virtute
1669 933 1712 981 ἃ
1736 940 1879 994 arte3
1917 952 2041 984 cum
2074 941 2256 984 tamen

596 1013 710 1061 istae
733 1010 1001 1074 primariae
1024 1015 1152 1059 sunt
1169 1009 1212 1057 δε
1231 1010 1559 1069 essentialeS‚
1581 1010 1692 1059 imo
1715 1010 1976 1060 radicales
2000 1010 2044 1058 δι
2065 1010 2254 1060 funda-

595 1087 858 1138 mentales
903 1086 1196 1135 effectrices
1234 1101 1374 1135 verae
1417 1085 1732 1136 nobilitatis.
1781 1086 1888 1136 Sed
1931 1093 1989 1136 tu
2033 1086 2255 1136 fortasse

594 1165 731 1214 sentis
754 1168 805 1212 vt
822 1163 1017 1226 sapiens,
1049 1163 1247 1224 loqueris
1269 1167 1419 1211 autem
1441 1167 1492 1211 vt
1510 1164 1694 1225 vulgus.

661 1242 773 1291 Cro·
802 1241 922 1302 Ego
956 1256 1083 1289 vero
1118 1240 1313 1300 loquor
1346 1245 1403 1288 vt
1437 1239 1610 1289 sentio
1639 1255 1650 1288 :
1691 1240 1854 1289 Nunc
1894 1240 2039 1289 enim
2074 1256 2138 1289 eo
2171 1256 2255 1288 res

594 1317 767 1380 redijt,
804 1322 861 1366 vt
894 1316 989 1377 qui
1024 1315 1415 1365 declinationes
1457 1316 1779 1375 Nominum,
1816 1322 1908 1365 aut
1943 1316 2256 1366 Accusatiui

595 1411 721 1445 cum
759 1393 924 1442 verbo
965 1393 1376 1454 congruentiam
1420 1398 1635 1450 norunt,
1675 1393 1853 1441 statim
1898 1392 2109 1442 nobiles
2153 1391 2256 1441 sibi

595 1476 813 1521 sumant
849 1470 1069 1529 titulos3
1111 1475 1165 1517 at
1215 1485 1315 1530 ego
1366 1485 1435 1518 ne
1488 1468 1854 1531 Philosophos
1893 1468 1994 1518 hos
2034 1468 2149 1531 (qui
2188 1468 2255 1517 de

595 1547 745 1597 omni
779 1545 955 1603 {QEQLU
981 1544 1080 1607 [15]
1117 1545 1348 1607 superbe
1382 1544 1679 1607 disputant)
1716 1546 2023 1594 Generosos
2055 1543 2251 1604 dicam,

594 1625 718 1673 licet
741 1639 798 1672 se
821 1638 972 1684 reges
997 1638 1112 1670 esse
1136 1622 1448 1682 glorientur.
2000 1680 2004 1690 .

655 1701 778 1748 Dro.
808 1699 995 1747 Homo
1019 1696 1216 1746 videris
1243 1698 1517 1747 macilenti
1540 1697 1584 1745 δε
1608 1698 1763 1759 egeni
1793 1691 2030 1760 ingenij¹3
2058 1698 2251 1757 Dicito,

594 1791 904 1836 vnquamne
950 1774 1126 1836 legisti
1172 1775 1459 1823 Platonem
1502 1774 1521 1822 ?
1567 1775 1790 1823 Beatam
1837 1791 1952 1823 esse
1992 1775 2082 1823 ille
2126 1773 2256 1823 dicit

594 1851 945 1914 rempublicam
980 1851 1037 1899 in
1072 1867 1179 1911 qua
1213 1856 1306 1899 aut
1338 1867 1430 1899 rex
1465 1856 1543 1899 est
1564 1850 1941 1912 philosophus,
1970 1857 2062 1900 aut
2083 1850 2255 1912 philo-

596 1929 798 1991 sophus
822 1944 913 1977 rex
940 1944 950 1975 :
976 1927 1083 1976 Vbi
1107 1926 1288 1976 videre
1310 1927 1502 1989 possis,
1529 1927 1865 1989 Philosophum
1888 1927 1946 1975 (δέ
1975 1929 2146 1989 Regem
2169 1943 2256 1975 esse

592 2022 712 2054 voces
751 2004 1078 2053 comestibiles,
1116 2002 1224 2052 Sed
1264 2004 1568 2053 intellectus
1612 2003 1702 2052 ille
1742 2009 1885 2062 tuus,
1923 2004 2037 2053 siue
2079 2020 2250 2062 mens,

594 2083 746 2141 ratio,
770 2080 999 2140 indoles,
1021 2079 1272 2129 indocilis
1291 2085 1386 2139 est,
1408 2096 1509 2128 nec
1526 2080 1754 2141 percipit
1772 2080 1871 2128 ista
1890 2080 2252 2129 Doctrinalia:

593 2165 644 2208 te
669 2158 1001 2207 collocamus
1027 2173 1153 2218 ergo
1179 2157 1315 2205 inter
1334 2172 1464 2205 oues
1483 2155 1527 2203 δε
1544 2155 1731 2214 boues,
1754 2155 1797 2203 &
1819 2173 2016 2218 pecora
2039 2156 2218 2218 campi
2240 2172 2251 2204 :

594 2234 638 2282 δε
660 2235 866 2284 Soientia
889 2250 978 2282 non
1001 2234 1135 2281 habet
1152 2233 1391 2281 inimicum
1409 2236 1577 2294 praeter
1598 2232 1900 2295 ignorantem.

658 2311 769 2360 Cro.
800 2311 1015 2372 Quaem,
1043 2308 1086 2356 δε
1112 2326 1249 2370 quos
1272 2308 1436 2358 habet
1463 2309 1666 2358 amicos
1699 2315 1890 2371 praeter
1921 2325 2018 2358 vos
2050 2325 2255 2371 paucos

593 2387 865 2437 literatos?
885 2386 1021 2449 Quis
1044 2386 1129 2435 vel
1154 2386 1316 2435 obolo
1342 2385 1568 2434 aestimat
1589 2384 1901 2445 fanaticum,
1922 2384 2250 2445 famelicum,

592 2464 929 2522 faetulentum
955 2461 1349 2524 Philosophum
1374 2462 1393 2509 ?

655 2532 783 2590 Dross
807 2540 959 2589 Sicut
988 2539 1174 2601 auriga
1208 2555 1409 2599 equum
1443 2538 1678 2600 flage110‚
1707 2538 1782 2587 sic
1817 2554 1917 2599 ego
1951 2544 2002 2588 te
2036 2538 2254 2599 ingenio

594 2633 717 2667 meo
755 2616 1072 2679 percutiam.
1098 2615 1274 2665 Vnico
1307 2621 1487 2665 tecum
1522 2631 1679 2676 agam
1714 2620 2048 2676 argumentO,
2089 2615 2253 2663 Socra-

594 2694 678 2743 tico
701 2710 838 2742 more.

658 2769 805 2832 Quid
829 2786 1018 2819 censes
1038 2769 1057 2817 ?
1078 2785 1262 2819 nonne
1285 2774 1460 2818 vestes
1484 2774 1591 2817 tuae
1624 2768 1839 2816 viliores
1873 2772 1999 2816 sunt
2031 2783 2253 2829 corpore

592 2853 686 2896 tuo
706 2847 725 2894 ?

658 2924 769 2973 Cro.
798 2923 953 2973 Sunt.
982 2921 1090 2972 Sed
1113 2920 1247 2982 quid
1270 2920 1395 2970 inde
1415 2921 1434 2968 ?
1458 2920 1555 2982 [16]

654 3000 778 3048 Dro.
807 2999 1007 3049 Nonne
1031 3014 1228 3060 corpus
1249 3003 1405 3046 tuum
1428 2996 1768 3059 praestantius
1793 3001 1872 3044 est
1893 2995 2131 3044 vestibus
2151 2994 2169 3042 ?

658 3076 769 3126 Cro.
800 3074 953 3125 Idem
975 3092 1072 3137 per
1094 3074 1257 3124 idem.

654 3153 777 3200 Dro.
807 3152 1007 3201 Nonne
1030 3150 1245 3200 animus
1270 3148 1483 3211 dignior
1506 3165 1628 3211 pars
1653 3155 1731 3198 est
1753 3148 2026 3197 hominis?

658 3227 769 3277 Cm.
799 3228 1072 3293 Quorsum
1099 3226 1253 3276 haec?

657 3303 781 3355 Dro,
810 3303 1010 3353 Nonne
1033 3302 1177 3352 bona
1200 3302 1367 3352 animi
1391 3302 1614 3352 meliora
1637 3317 1802 3363 quam
1825 3300 2078 3350 externa?
