2444 4140
532 406 596 446 10
867 432 871 434 -
917 400 923 403 ·
949 388 1264 444 Pedantins
1287 389 1340 443 Α
1357 431 1368 443 .
1398 397 1442 441 Ι.
1465 390 1557 446 Sc,
1586 399 1689 445 ΙΙΙ.

385 548 477 595 310
520 544 802 603 absurdus,
853 545 1100 602 iniustus,
1160 542 1427 603 indoctus,
1480 543 1524 591 &
1578 542 1706 593 talia
1761 543 2183 593 contemnuntur

520 622 698 671 hodie

584 698 694 747 Cro,
723 697 806 746 Tu
832 713 957 745 vero
982 695 1025 743 &
1049 660 1376 745 absurditate
1402 713 1458 745 es
1482 695 1782 746 absurdior.

581 775 703 822 Dro.
732 773 902 822 Citius
927 788 1027 834 ego
1055 773 1400 822 Transcendens
1421 773 1540 821 inter
1557 773 1927 821 Praedicamenta
1953 764 2233 822 colloca-'V

518 866 649 908 rem,
686 865 851 910 quarn
886 848 990 897 hoc
1026 850 1280 898 insensile
1315 849 1514 898 animal
1556 854 1872 911 argumenta
1906 848 2180 911 percipere

385 926 475 974 315
519 924 769 974 facerem.

580 1002 691 1051 Cro.
719 1001 803 1050 Tu
840 1002 933 1062 qui
969 1018 1280 1064 generOSUS,
1318 1003 1413 1063 qui
1453 1002 1668 1061 nobilis,
1707 1002 1799 1063 qui
1836 1017 1927 1050 rex
1962 1017 2035 1060 es,
2073 1018 2177 1060 me,

516 1078 757 1137 obsecr0‚
786 1077 854 1128 ad
879 1094 1083 1128 caenam
1109 1095 1260 1128 voca.

577 1155 700 1204 Dro.
726 1155 964 1205 Saturnus
986 1172 1140 1205 meus
1174 1162 1415 1204 ventrem
1453 1156 1507 1204 in
1541 1162 1696 1204 tuum
1721 1155 1970 1204 Vacuum
2007 1154 2182 1202 mittat

514 1237 854 1294 perpetuum.

378 1310 470 1359 320
578 1308 688 1358 Cro·
715 1309 965 1358 Vacuum
1000 1307 1136 1357 illud
1161 1307 1313 1367 dicis,
1339 1307 1681 1370 philosophe,
1710 1306 1875 1368 quod,
1902 1323 2028 1356 cum
2053 1323 2177 1355 nus-

516 1401 681 1445 quam
722 1400 837 1434 esse
872 1383 1132 1446 disputas,
1161 1385 1217 1434 in
1251 1390 1344 1434 tuo
1369 1374 1561 1434 ‘tamen
1595 1390 1674 1433 est
1706 1383 1926 1433 cerebro
1966 1400 1976 1431 :
2014 1383 2102 1432 cui
2135 1383 2180 1431 si

515 1476 704 1510 omnes
744 1460 948 1510 similes
988 1467 1114 1510 sunt
1150 1460 1481 1523 philosophi,
1510 1466 1635 1510 sunt
1669 1459 1889 1521 quidem
1925 1459 2180 1508 animalia

516 1539 762 1587 omnium
789 1537 1155 1587 stolidissima.

575 1616 699 1663 Dro.
729 1614 907 1663 Contra
929 1619 1164 1676 negantem
1182 1614 1420 1677 principia
1443 1631 1529 1662 non
1553 1618 1619 1663 est
1637 1614 1987 1676 disputandum.

378 1691 469 1741 325
579 1691 689 1740 Cro.
715 1690 820 1750 Ah,
849 1707 1024 1750 mane,
1053 1691 1293 1749 obsecro,
1322 1691 1429 1739 iam
1454 1690 1675 1739 demum
1707 1705 1944 1751 agnosco
1968 1688 2178 1737 celsitu-

514 1766 698 1816 dinem
723 1773 890 1816 tuam.
1424 1784 1429 1788 ·

575 1844 698 1893 Dm.
748 1843 832 1894 Tu
878 1860 990 1892 non
1036 1860 1092 1892 es
1137 1842 1367 1894 idoneus
1412 1843 1624 1893 auditor
1668 1842 1887 1891 moralis
1940 1840 2176 1903 philoso-

513 1920 673 1982 phiae.
702 1919 800 1983 [19]

578 1997 689 2045 Cro·
716 1997 880 2046 Actor
904 2012 1022 2058 ego,
1050 2013 1162 2046 non
1185 1995 1399 2046 auditor
1422 2013 1561 2055 sum,
1587 2013 1684 2045 vos
1719 2012 1931 2059 semper
1960 1994 2174 2054 auditis,

381 2074 473 2122 330
516 2089 798 2134 nunquam
835 2073 1008 2135 agitis.
1038 2073 1144 2122 Sed
1179 2090 1342 2134 quem
1377 2090 1478 2135 ego
1512 2073 1835 2135 conspicor?
1870 2072 2031 2122 Habe
2069 2071 2178 2120 iam

517 2149 613 2198 tibi
639 2148 965 2199 Pedantium
989 2156 1142 2200 tuum
1167 2166 1178 2209 ;
1205 2151 1333 2199 nolo
1359 2166 1445 2199 me
1468 2149 1664 2199 videat.

577 2227 700 2275 DrO.
729 2226 806 2275 Te
829 2243 956 2275 vero
980 2227 1311 2288 imaginatiO,
1335 2227 1449 2275 siue
1468 2226 1754 2288 phantasia
1776 2225 1954 2275 turbet
1977 2224 2176 2274 melan-

516 2302 725 2352 cholica
748 2309 1049 2365 perpetuo:
1087 2304 1181 2363 qui
1215 2302 1431 2352 vmbras
1466 2320 1662 2361 rerum,
1691 2319 1803 2352 non
1836 2301 2099 2351 identitates
2119 2299 2178 2348 cf>-

515 2379 819 2428 haecceitates‘
808 2396 950 2442 1psas
973 2378 1142 2428 vides.
1166 2378 1273 2428 Sed
1299 2396 1445 2428 nunc
1469 2380 1566 2428 iste
1592 2378 1725 2439 quid
1743 2385 1883 2440 agat,
1904 2377 2178 2440 paulisper

380 2456 469 2505 335
514 2454 603 2505 hic
628 2455 948 2505 obser.uabo

971 2574 1156 2628 Actus
1174 2575 1352 2640 primi
1375 2590 1559 2627 scena.

1163 2685 1360 2735 Tertia.

880 2790 1214 2841 PEDANT1vs.
1244 2791 1643 2840 DRoMoDoTVS.

578 2907 751 2959 Video
775 2909 987 2970 (Patres
1009 2907 1320 2970 conscripti)
1345 2908 1401 2958 in
1431 2924 1518 2957 me
1554 2907 1798 2956 omnium
1822 2911 2058 2955 vestrum
2083 2921 2175 2954 ora

380 2986 473 3047 340
514 2982 558 3032 δε
581 2986 769 3035 oculos
793 3001 908 3035 esse
933 3001 1225 3035 conuersos
1254 3001 1264 3032 ε
1291 2983 1334 3032 &
1359 2982 1520 3034 credo
1546 2999 1646 3045 ego
1680 2998 1776 3031 vos
1802 2982 1998 3039 mirari,
2029 2980 2174 3032 Iudi-

517 3078 621 3120 005,
649 3060 781 3123 quid
806 3062 889 3120 sit,
916 3060 1063 3122 quod
1087 3077 1213 3110 cum
1236 3066 1315 3109 tot
1337 3060 1535 3110 summi
1561 3065 1794 3108 oratores
1818 3058 2175 3118 hominesque

518 3138 840 3187 nobilissimi
875 3137 1111 3196 sedeant,
1141 3135 1195 3186 id
1230 3142 1325 3194 est,
1354 3153 1465 3185 non
1499 3141 1680 3184 ament
1705 3135 1801 3196 (sic
1837 3135 1980 3185 enim
2017 3134 2172 3183 inter-

517 3212 647 3262 dum
662 3213 846 3263 sedere
859 3214 1104 3271 sumitur,
1121 3211 1263 3262 vnde
1283 3210 1486 3261 sedatio
1505 3211 1691 3273 animj)
1711 3227 1811 3273 ego
1829 3211 2171 3272 potissimum

457 3312 476 3331 ¹»
520 3287 589 3342 ad
612 3289 906 3342 amandum
931 3289 1247 3341 surrexerim
1276 3305 1287 3337 :
1315 3287 1447 3350 quid
1471 3287 1635 3350 ergo?
1657 3287 2049 3338 audacissimus
2072 3302 2172 3350 ego
