2444 4140
841 440 1150 496 Pedantius
1173 442 1253 496 A.
1282 451 1378 495 IV.
1399 441 1491 496 Se.
1513 451 1557 493 Ι.
1973 437 1975 439 ’
1999 439 2063 496 51

425 594 532 655 jam
558 593 728 643 indies
752 611 835 643 ars
859 595 958 642 ista
981 593 1349 652 desuetudine,
1377 611 1476 643 nec
1509 600 1618 642 tam
1653 593 1809 642 docte
1842 593 2063 643 technas

266 671 385 730 1780
426 675 562 727 texo,
590 687 752 729 quam
776 669 1015 718 solebam
1037 686 1048 728 ;
1075 687 1199 718 nam
1225 676 1377 718 aestas
1401 670 1596 718 amoris
1620 669 1903 718 exsiccavit
1933 669 2065 718 mihi

422 746 532 806 jam
546 745 749 793 flumen
760 745 1108 801 fallaciarum,
1125 746 1396 807 perierunt
1411 746 1590 793 omnia
1604 745 1762 793 simul
1777 750 2063 806 postquam

429 837 605 869 amare
646 822 846 882 occepi,
890 821 1048 870 simul
1089 821 1315 869 maciem
1350 821 1460 882 jam
1495 821 1605 882 jam
1645 819 1793 869 vides
1830 837 1925 881 per
1962 820 2064 869 hos

429 895 791 944 membrorum
827 897 1068 945 omnium
1106 897 1315 958 Campos,
1353 896 1429 944 vbi
1462 897 1609 957 Troja
1627 895 1750 957 fuit.
1785 896 1932 957 Quin
1965 912 2066 945 nec

428 970 599 1029 edere,
627 977 685 1020 ut
708 972 855 1030 olim,
881 988 981 1020 nec
1003 971 1184 1020 bibere
1202 988 1440 1033 possum,
1467 977 1649 1020 venter
1683 970 1919 1030 induruit
1943 972 2064 1019 mis-

267 1047 384 1109 1785
428 1063 512 1095 ere
553 1046 1005 1096 obstructionibus
1048 1047 1091 1094 &
1130 1046 1565 1109 oppilationibus.
1606 1047 1789 1096 Metuo
1829 1046 2007 1095 tabem
2050 1063 2061 1095 τ

428 1139 514 1180 au,
540 1121 643 1170 hei.
1955 1119 1958 1122 ’

493 1196 608 1259 Tyr'.
645 1196 854 1246 Pudeat
886 1203 936 1246 te
971 1199 1046 1246 sic
1080 1198 1357 1247 lamentari
1395 1214 1406 1245 ε
1443 1197 1574 1246 mihi
1608 1213 1732 1246 vero
1765 1197 2063 1247 fortunatus

428 1279 610 1322 contra
654 1272 849 1322 videris
889 1273 1161 1334 (Crobole)
1201 1274 1287 1322 cui
1327 1273 1402 1322 sic
1443 1273 1623 1321 omnia
1661 1272 1956 1323 succedunt
1999 1289 2063 1322 ex

428 1349 705 1407 sententia,
748 1355 807 1398 ut
845 1349 888 1397 si
933 1366 963 1397 a
1003 1365 1160 1397 mane
1205 1347 1272 1397 ad
1309 1365 1591 1410 vesperum
1631 1365 1800 1408 usque
1838 1347 2064 1410 plaudas

266 1438 385 1487 1790
429 1425 701 1482 continuo,
717 1423 862 1473 haud
877 1425 1001 1472 satis
1019 1430 1199 1472 tamen
1215 1424 1472 1472 foelicitati
1491 1424 1767 1484 gratuleris
1790 1430 1911 1473 tuae.
1935 1423 2062 1485 [102]

487 1501 608 1561 Pog.
638 1500 755 1560 Ego
780 1499 997 1559 quidem
1024 1500 1230 1548 etiamsi
1256 1500 1390 1560 Dijs,
1418 1499 1835 1559 hominibusque
1861 1500 2063 1548 invisus

427 1592 614 1632 essem,
658 1575 818 1623 etiam
859 1575 902 1623 si
942 1591 1070 1624 crux
1114 1575 1229 1636 ipsa
1269 1574 1401 1623 mihi
1445 1573 1738 1623 honorifice
1782 1573 2064 1623 salutanda

426 1656 579 1708 esset,
628 1650 811 1711 (quam
857 1666 955 1711 ego
1001 1649 1318 1711 adepturum
1369 1666 1454 1698 me
1510 1666 1663 1711 spero
1716 1648 1932 1698 tandem
1986 1656 2066 1699 tot

425 1725 698 1774 laboribus
738 1724 1037 1785 exantlatis)
1072 1725 1195 1773 licet
1227 1731 1401 1773 rueret
1434 1725 1707 1786 respublica
1745 1730 1836 1773 aut
1871 1726 2065 1786 periret

265 1802 382 1864 1795
426 1801 611 1863 patria,
654 1799 799 1849 haud
837 1801 948 1862 pilo
987 1806 1168 1849 tamen
1205 1800 1402 1849 tristior
1439 1809 1734 1861 propterea.
1779 1800 1942 1858 Here,
1984 1801 2064 1849 vis

428 1877 564 1925 saltu
587 1877 860 1938 paulisper
883 1877 1217 1937 experiamur
1240 1876 1530 1936 agilitatem
1555 1892 1730 1924 meam
1750 1875 1769 1922 ?

490 1953 600 2001 Cro.
641 1951 748 2014 Qui
787 1950 1039 2000 defuncto
1081 1952 1325 2000 Chremulo
1362 1952 1511 1999 Hero
1551 1968 1671 1999 meo
1710 1951 1939 2000 liberum
1978 1968 2063 2000 me

428 2044 541 2076 esse
565 2026 782 2085 credidi,
809 2026 975 2076 falsus
999 2044 1136 2086 sum,
1158 2026 1438 2076 dominum
1465 2028 1664 2076 mutavi
1688 2027 1881 2085 solum,
1909 2027 2063 2076 servi-

426 2104 552 2152 tutis
575 2119 699 2151 vero
724 2102 905 2151 durior
938 2109 1118 2151 manet
1152 2102 1407 2151 conditio·
1438 2103 1623 2156 Novos
1658 2102 1837 2163 injecit
1869 2103 2062 2151 misero

266 2182 386 2229 1800
428 2177 716 2240 compedes
748 2177 959 2239 Cupido
983 2184 1201 2239 potens;
1238 2179 1404 2226 Amor
1426 2178 1709 2239 pistrinum
1743 2178 1996 2236 continet,
2022 2177 2066 2228 δε

425 2254 624 2302 molam
664 2254 719 2301 in
757 2270 830 2311 se,
868 2254 1041 2314 lorarij
1079 2259 1203 2302 sunt
1241 2270 1362 2314 spes
1396 2252 1439 2300 &
1477 2248 1797 2313 metus,‘qui
1833 2254 2066 2306 lacerant

426 2329 641 2378 alternis
685 2328 892 2377 vicibus
936 2329 1200 2379 misellam
1256 2335 1488 2377 mentem
1540 2344 1749 2386 meam3
1796 2328 1933 2377 fixus
1988 2335 2066 2380 est

426 2405 637 2453 animus
677 2403 720 2450 δε
763 2403 1048 2452 transfixus
1093 2404 1251 2452 etiam
1297 2405 1448 2452 clavo
1495 2403 1793 2465 Cupidinis.
1844 2404 2062 2455 Interim

427 2496 596 2529 unum
621 2478 724 2527 hoc
748 2495 833 2527 me
852 2479 1068 2536 solatur,
1090 2478 1236 2538 quod
1259 2478 1463 2527 trabem
1488 2477 1555 2528 ad
1579 2478 1718 2527 hanc
1742 2495 1827 2527 me
1852 2479 2066 2539 ligarint

264 2556 381 2605 1805
425 2561 647 2604 tortores
671 2555 793 2612 mei,
820 2570 982 2614 quam
1007 2553 1137 2603 dum
1162 2555 1488 2615 complector
1511 2553 1672 2603 modo
1705 2555 1789 2602 vel
1814 2552 1881 2602 ad
1905 2560 2061 2602 mort-

426 2647 510 2679 em
534 2629 666 2679 caedi
691 2646 775 2678 me
800 2630 971 2678 sinam
996 2645 1106 2678 non
1130 2629 1328 2678 invitus
1352 2635 1508 2678 certe.

491 2707 607 2768 Tyr.
643 2706 714 2753 At
746 2705 896 2763 liber,
933 2705 1101 2763 laetus,
1139 2703 1471 2753 ludibundus
1505 2705 1615 2766 jam
1655 2705 1743 2762 siS,
1786 2710 2063 2766 superatus

425 2782 592 2831 hostis
617 2787 711 2839 est,
739 2779 781 2827 ἃ
803 2786 895 2829 tua
917 2780 1043 2828 vicit
1067 2778 1361 2828 Comoedia.
1391 2779 1518 2841 [103]

489 2858 598 2906 Cr0.
640 2858 704 2905 In
736 2856 1042 2917 prolusione
1081 2856 1271 2903 versati
1312 2872 1496 2904 sumus
1535 2855 1792 2904 hactenus
1835 2872 1846 2904 ε
1881 2871 2064 2918 pugna

265 2935 384 2982 1810
427 2938 607 2981 manet
630 2931 823 2990 adhuc,
852 2947 1020 2991 eaque
1044 2930 1373 2979 difficillima.

485 3010 606 3069 Pog.
650 3008 706 3055 Si
747 3005 1101 3068 pugnandum
1147 3012 1240 3064 est,
1291 3007 1454 3064 Here,
1502 3005 1725 3054 habebis
1769 3023 1854 3055 me
1899 3007 2063 3055 instar

427 3083 670 3132 omnium
693 3081 1071 3144 fustiferorum,
1098 3082 1503 3142 scutigerorum,
1529 3082 1945 3143 Armigerorum.

491 3159 600 3207 CrO.
624 3158 902 3219 Captivam
926 3156 1127 3205 detinet
1150 3173 1311 3205 senex
1334 3156 1421 3205 hic
1445 3157 1586 3206 intus
1614 3156 1842 3217 Lydiam
1866 3174 2059 3215 meam,

428 3251 489 3282 ac
529 3234 631 3282 nisi
671 3234 907 3282 nummis
946 3232 1251 3291 redimatur,
1288 3249 1397 3280 non
1432 3231 1675 3283 dimittet.
1714 3233 1891 3295 Quare
1930 3232 2062 3282 mihi

267 3309 382 3359 1815
400 3356 411 3361 ἢ
426 3309 540 3358 haec
558 3308 784 3362 emenda
807 3315 885 3358 est
909 3309 1084 3368 etiam,
1112 3325 1221 3357 non
1245 3307 1474 3357 amanda
1497 3309 1690 3358 solum.
1713 3308 1818 3358 Sed
1836 3325 2062 3367 convoc-
