2444 4140
545 447 614 502 50
925 442 1262 499 Pedantius
1286 446 1339 500 A
1356 489 1368 501 .
1397 455 1494 501 IV.
1523 447 1615 502 Se.
1639 456 1682 499 Ι.

380 602 498 666 1745
544 600 863 663 improbam,
891 605 946 648 vt
970 616 1200 661 semper,
1228 599 1322 649 sed
1351 601 1659 651 dementem
1695 601 1739 649 ἃ
1773 602 2019 651 insanam
2043 603 2204 652 rebus

543 677 789 726 addicam
826 677 1140 738 necessarijs
1179 693 1190 724 :
1230 677 1366 739 Quae
1406 678 1471 739 (si
1506 694 1570 727 eo
1605 695 1690 727 me
1731 679 2050 728 aestimarem
2095 695 2204 740 quo

543 753 793 802 deberem
813 752 1006 814 pretio)
1025 769 1138 802 non
1156 752 1319 814 digna
1340 771 1395 803 es
1415 770 1536 814 quae
1555 755 1767 803 calceos
1786 771 1935 804 meos
1954 755 2202 805 mundes.

545 830 687 878 Cave
711 846 779 877 ne
813 830 1066 891 princeps
1098 846 1251 879 meus
1285 836 1336 879 te
1370 847 1504 880 cane
1537 831 1692 893 pejus
1726 830 1769 878 δε
1803 848 1979 893 angue
2015 831 2202 881 oderit.

543 904 650 954 Sed
675 905 807 965 quid
832 922 932 967 ego
957 906 1242 966 colloquor
1264 906 1467 956 diutius
1485 924 1611 957 cum
1635 906 1738 956 hac
1762 909 2058 966 Amazone,
2085 924 2207 968 quae

381 982 500 1045 1750
544 982 722 1031 nullas
746 981 909 1031 habet
931 1000 1196 1031 mammas
1228 982 1625 1042 misericordiae,
1652 982 1915 1033 delectata
1950 984 2205 1034 nimirum

543 1075 671 1107 arcu
705 1058 1067 1108 crudelitatis?
1092 1059 1334 1119 Habeas,
1361 1060 1559 1119 valeas,
1586 1061 1735 1110 vivas
1770 1077 1895 1110 cum
1932 1061 2026 1109 illo
2058 1060 2206 1123 pedi-

544 1135 732 1185 culoso
758 1135 1049 1185 nebulone.
1309 1196 1311 1198 Ι

603 1212 733 1274 Lyd.
762 1211 1009 1262 Tandem
1035 1229 1191 1275 spero
1215 1213 1495 1262 liberatam
1529 1230 1644 1263 esse
1680 1230 1767 1262 me
1803 1214 2206 1276 importunitate

547 1294 694 1337 tanta
719 1287 899 1338 stolidi
918 1289 1096 1351 hujus,
1119 1306 1183 1338 ex
1201 1306 1311 1350 quo
1330 1296 1525 1342 coetera
1547 1289 1789 1340 faciliora
1813 1296 1970 1339 erunt
1992 1291 2203 1340 omnia:

382 1364 501 1431 1755
547 1370 602 1413 vt
625 1365 757 1413 sciat
779 1365 895 1415 haec
922 1366 1188 1415 Crobolus
1212 1383 1365 1416 meus
1389 1367 1792 1428 quamprimum
1817 1366 2036 1416 curabo.

550 1477 556 1481 -
608 1442 732 1490 Dro,
763 1442 916 1490 Nihil
941 1449 1021 1491 est
1055 1443 1281 1491 omnino
1316 1444 1372 1492 in
1405 1442 1508 1492 hac
1541 1442 1823 1492 habitabili
1856 1459 1994 1492 zona
2027 1449 2209 1492 nostra

546 1517 680 1566 mihi
720 1525 828 1567 tam
870 1535 898 1567 e
939 1520 1177 1580 regione,
1215 1519 1258 1566 &
1292 1536 1357 1569 ex
1390 1518 1653 1569 diametro
1689 1521 2016 1582 oppositum,
2044 1537 2209 1581 quam

544 1593 937 1656 foe-[Ioo]mina.
980 1597 1122 1644 Nam
1163 1613 1281 1655 nOS‚
1325 1597 1419 1657 qui
1459 1597 1515 1645 in
1551 1596 1800 1658 Physicis
1834 1595 2210 1658 intermundijs

547 1677 757 1719 atomos
803 1678 1007 1721 naturae
1059 1679 1382 1734 spectamus,
1431 1672 1737 1722 mundanas
1794 1674 1920 1722 istas
1975 1689 2206 1732 muscaS‚

382 1749 503 1808 1760
546 1748 809 1796 vanitates
848 1765 1022 1803 meras
1063 1748 1105 1796 &
1151 1748 1507 1798 absurditates
1547 1755 1819 1811 putamus,
1862 1749 1905 1797 &
1949 1755 2208 1810 tanquam

549 1830 695 1872 extra
749 1824 1085 1873 horizontem
1141 1826 1510 1887 intelligentiae
1564 1832 1761 1874 nostrae
1814 1826 2033 1887 positas.
2083 1826 2210 1874 Hoc

544 1900 721 1949 visum
764 1907 843 1949 est
882 1901 1039 1950 nobis
1079 1900 1275 1950 addere
1317 1902 1660 1952 corollarium
1708 1901 1775 1950 ad
1822 1901 2209 1951 declarandum

540 1975 807 2038 judicium
854 1994 1054 2036 meum,
1099 1979 1143 2026 si
1183 1979 1304 2039 quis
1348 1978 1483 2027 forte
1528 1979 1764 2027 novitius
1810 1979 2098 2040 perplexus
2143 1979 2211 2027 sit

549 2070 710 2118 super
733 2055 833 2103 ista
856 2071 930 2102 re.
960 2054 1123 2104 Nunc
1148 2054 1327 2114 abibo,
1355 2054 1398 2102 ἃ
1423 2054 1632 2104 docebo
1659 2055 1940 2104 Parillum.

384 2192 502 2257 1765
950 2186 1134 2242 Actus
1160 2187 1435 2258 Quartus.
1465 2186 1645 2241 Saena

1195 2313 1397 2362 Prima.

945 2432 1251 2480 CROBOLVS.
1280 2399 1676 2481 POGGLosrvss

1110 2550 1491 2600 TYROPHAGvs.

614 2670 724 2719 CrO.
777 2671 799 2718 I
849 2670 1159 2731 Poggloste,
1210 2670 1437 2719 Poetam
1491 2668 1636 2728 affer,
1684 2669 1778 2730 qui
1824 2667 2210 2731 Tyrophagum

387 2758 508 2807 1770
550 2762 734 2795 meum
759 2746 1039 2808 apotheosi
1064 2747 1247 2807 aliqua
1270 2746 1423 2795 tollat
1451 2746 1508 2794 in
1542 2745 1697 2794 sedes
1731 2761 2022 2807 superum;
2061 2745 2209 2794 Huic

551 2823 750 2872 etenim
783 2829 998 2885 propter
1031 2823 1415 2873 astutissimam
1440 2822 1778 2884 sapientiam,
1805 2837 1925 2879 arae,
1957 2821 2206 2880 victimae,

549 2900 744 2958 cultus,
772 2900 1145 2948 immortalitas
1169 2898 1449 2948 debentur.
1479 2897 1612 2959 [101]

609 2977 733 3038 Pog.
754 2976 921 3025 Visne
941 2976 1120 3034 etiam,
1141 2981 1198 3023 vt
1216 2974 1507 3036 Templum
1522 2972 1761 3035 aliquod,
1778 2974 1862 3022 vel
1880 2973 2208 3035 Capitolium

548 3053 726 3114 ipsum
751 3052 858 3101 huc
881 3051 1049 3101 feram
1074 3051 1312 3100 humeris
1337 3050 1509 3099 meis?

385 3129 503 3190 1775
614 3130 733 3191 Tyr.
757 3128 904 3192 Quid
921 3145 1018 3178 vos
1038 3128 1344 3178 conamini?
1363 3129 1482 3189 Ego
1506 3127 1742 3176 mortalis
1761 3143 1899 3185 sum,
1922 3126 1965 3174 &
1984 3126 2206 3188 quidem

547 3205 737 3264 frutex,
760 3205 983 3265 caudex,
1004 3205 1313 3267 plumbeus,
1335 3204 1379 3252 si
1398 3210 1577 3254 tecum
1601 3203 1895 3253 verberone
1918 3203 2203 3252 vaferrimo

550 3297 885 3346 comparer„>
993 3335 995 3337 ,
1655 3334 1660 3337 λ

534 3421 548 3423 ἢ
613 3357 726 3422 Cr0,
759 3359 979 3421 Vtinam
1010 3358 1149 3421 ,istoc
1188 3373 1375 3418 verum
1410 3355 1648 3417 diceres!
1679 3361 1740 3414 >at
1772 3356 1905 3406 mihi
1945 3354 2205 3406 decrescit
