2444 4140
731 401 735 404 ‚
827 362 1136 430 Pedantius
1161 376 1241 431 A.
1270 384 1340 428 II.
1360 375 1454 431 Sc.
1483 385 1554 429 Π.
1992 380 2059 434 23

421 525 566 587 piam
592 527 959 577 Catilinarium
994 529 1250 578 latronem
1273 529 1361 578 hic
1384 529 1694 592 aspicerem,
1720 534 1780 579 ut
1802 545 1901 591 ego
1926 536 2060 579 orat-

288 600 378 662 775
423 601 532 649 orie
557 601 860 651 inveherem
885 603 941 652 in
965 604 1117 653 illum
1140 605 1392 654 verberibus
1409 607 1434 653 ,Ρ

482 678 604 725 Dro.
634 677 793 739 Quod
817 679 861 726 si
895 678 1028 727 illud
1063 679 1402 730 individuum
1435 697 1632 742 vagum
1666 680 1798 729 mihi
1826 681 1937 742 jam
1971 680 2058 730 de-

422 753 827 802 monstrativum
853 760 1005 813 esset,
1034 771 1156 804 eum
1182 772 1280 816 ego
1310 756 1443 805 istoc
1474 755 1799 805 Academico
1832 757 1940 806 telo
1972 758 2058 806 vel
2104 767 2109 797 *2
2144 775 2159 806 t

422 827 489 876 ad
513 834 753 877 centrum
778 846 948 889 usque
965 836 1115 879 terrae
1132 829 1432 893 deijcerem,
1453 830 1496 879 &
1512 832 1709 883 vltraisi
1726 831 1840 881 fieri
1856 839 2055 894 posset,

421 902 527 952 Sed
551 920 662 952 non
683 911 873 966 potest,
902 922 1027 954 nam
1051 906 1095 954 si
1117 905 1250 955 forte
1273 908 1559 969 praeteriret
1586 906 1763 968 ipsum
1797 907 2054 967 medium,

285 980 379 1041 780
421 985 602 1028 tamen
624 987 882 1029 remearet
904 981 972 1030 ad
995 988 1237 1032 centrum
1260 999 1442 1033 rursus
1459 988 1609 1032 motu
1627 982 1862 1043 quodam
1882 989 2056 1034 natur-

420 1055 490 1103 ali
513 1056 848 1104 reverberativo.

481 1132 599 1178 Ped.
625 1133 805 1180 Ausus
845 1149 900 1180 es
939 1133 1198 1194 improbe,
1235 1134 1512 1195 gigantum
1552 1151 1716 1194 more,
1757 1135 1922 1184 bellare
1959 1151 2059 1184 cum

418 1206 572 1266 Dijs?
596 1207 723 1255 Non
740 1224 1028 1268 possumus
1051 1209 1265 1270 spiritus
1289 1215 1409 1258 tuos
1432 1210 1652 1273 debellare
1672 1211 1879 1272 superbos
1896 1212 1921 1259 Ρ

480 1283 610 1330 Lud.
661 1283 963 1344 Praeceptor
1006 1284 1400 1343 colendissime,
1449 1284 1700 1345 idemque
1745 1285 2057 1348 dignissime

284 1357 375 1420 785
419 1358 581 1406 totius
606 1359 767 1406 nostri
790 1352 1048 1409 exercitus
1071 1361 1494 1422 Imperatontuo
1514 1377 1722 1422 semper
1746 1362 1846 1411 sub
1863 1363 2057 1412 vexillo

420 1433 612 1483 lubens
652 1434 894 1483 militabo
933 1451 943 1483 :
980 1436 1052 1483 ita
1086 1452 1141 1484 es
1175 1436 1231 1484 in
1263 1453 1396 1498 pace
1428 1436 1682 1498 prudens,
1708 1436 1751 1484 δι
1785 1438 1840 1486 10
1874 1437 2059 1487 schola

420 1508 626 1567 doctus,
669 1509 712 1556 &
751 1510 806 1558 in
845 1510 988 1559 bello
1027 1510 1194 1569 fortis,
1236 1511 1280 1559 &
1317 1512 1374 1560 in
1412 1512 1525 1560 acie
1562 1511 1931 1573 formidabilis,
1972 1514 2057 1562 vel

417 1583 805 1634 formidandus.

478 1661 597 1708 Ped.
634 1660 830 1709 Audin'
863 1667 921 1710 tu
960 1661 1106 1710 hunc
1143 1663 1449 1724 puerulum,
1478 1662 1574 1724 [45]
1615 1680 1777 1724 quarn
1817 1665 2057 1726 apposite

285 1748 377 1797 790
415 1735 594 1795 quoad
627 1752 862 1795 sensum,
900 1736 942 1783 δε
975 1736 1199 1799 figurate
1239 1737 1420 1798 quoad
1458 1738 1696 1799 phrasim
1743 1740 2060 1799 eloquatur?
2111 1772 2121 1781 -

423 1811 730 1860 Mehercule
765 1829 886 1860 amo
920 1812 1083 1871 hunc,
1112 1813 1183 1861 ita
1216 1830 1302 1862 me
1336 1814 1572 1862 imitatur
1605 1813 1810 1863 sedulo.
1839 1815 1948 1863 Hic
1970 1815 2058 1863 hic

420 1892 498 1935 est
534 1904 668 1948 puer
705 1904 914 1946 aureus,
962 1888 1098 1937 albae
1141 1889 1355 1949 gallinae
1398 1889 1557 1948 filius,
1605 1889 1751 1939 hunc
1793 1889 2058 1939 haeredem

419 1963 647 2011 scribam
705 1964 947 2013 omnium
1003 1964 1261 2013 librorum
1316 1981 1576 2023 meorum,
1623 1971 1812 2026 praeter
1857 1966 2060 2014 Lexicon

419 2039 478 2087 N
480 2039 623 2099 izoliy',
653 2038 799 2099 quod
823 2056 1036 2088 mecum
1062 2040 1167 2088 iam
1192 2039 1403 2099 dormit,
1430 2040 1577 2100 quod
1611 2058 1825 2091 mecum
1849 2041 2056 2103 sepelirj

285 2113 375 2176 795
420 2115 560 2163 volo.
1084 2117 1088 2120 ’

482 2189 588 2238 Sed
626 2196 684 2239 tu
723 2207 922 2251 quaeso,
960 2192 1053 2251 qui
1090 2191 1526 2253 physiognomon
1564 2209 1636 2251 es,
1674 2192 1740 2241 de
1773 2193 1936 2254 pullis
1974 2192 2058 2242 his

420 2267 553 2314 meis
576 2266 751 2327 profer
774 2266 1034 2316 iudicium
1057 2273 1227 2326 tuum,
1254 2268 1400 2317 velut
1427 2270 1644 2330 Zopyrus
1676 2267 1742 2317 de
1775 2269 1974 2327 Socrate,
2002 2275 2058 2318 vt

420 2348 596 2390 narrat
620 2342 776 2390 Cicero
801 2359 968 2391 meus.

479 2419 600 2466 Dr0.
629 2417 1101 2479 Quemadmodum
1125 2418 1200 2480 (vt
1229 2419 1454 2468 habetur
1487 2420 1543 2468 in
1576 2419 1759 2468 libello
1795 2419 2056 2469 Praedica-

283 2495 377 2542 800
420 2494 743 2553 mentorum)
769 2493 1015 2553 quaedam
1050 2494 1232 2543 insunt
1264 2495 1336 2552 in,
1364 2494 1407 2541 δε
1435 2511 1546 2543 000
1568 2494 1819 2544 dicuntur
1841 2495 2057 2554 de‚¹alia

418 2568 669 2619 dicuntur
691 2569 774 2627 de,
801 2569 844 2616 &
867 2586 977 2618 non
1001 2570 1183 2618 insunt
1206 2570 1262 2618 in
1284 2586 1294 2617 τ
1316 2571 1419 2618 3113
1437 2569 1681 2619 &insunt
1703 2571 1760 2619 in
1783 2570 1826 2618 &
1849 2570 2056 2619 dicunt-

418 2662 480 2694 ur
502 2644 568 2693 de
597 2662 606 2692 :
634 2646 737 2693 alia
770 2661 870 2694 nec
903 2645 1085 2693 insunt
1113 2645 1185 2703 in,
1212 2661 1311 2693 nec
1345 2644 1595 2694 dicuntur
1628 2645 1693 2694 de
1722 2662 1732 2693 ε
1770 2646 1841 2694 ita
1875 2647 1930 2695 in
1964 2646 2054 2694 ali-

418 2721 613 2780 quibus
638 2721 774 2769 inest
797 2721 1088 2781 ingenium,
1117 2719 1160 2767 &
1183 2737 1293 2769 non
1316 2727 1534 2782 apparet
1554 2737 1565 2779 ;
1597 2721 1654 2769 in
1687 2721 1803 2782 alijs
1837 2727 2056 2783 apparet

419 2813 549 2855 esse,
577 2796 619 2843 δε
643 2813 751 2845 000
778 2803 855 2844 est
877 2812 888 2854 ;
916 2796 968 2844 in
995 2796 1111 2857 alijs
1133 2813 1232 2844 nec
1257 2802 1350 2854 est,
1377 2813 1476 2845 000
1499 2802 1743 2857 apparet;
1766 2797 1821 2845 in
1844 2796 2057 2856 quibus-

284 2871 374 2920 805
419 2871 543 2920 dam
568 2872 680 2933 (qui
705 2871 866 2920 foelici
891 2871 1077 2932 sydere
1101 2873 1209 2920 nati
1235 2871 1378 2932 sunt)
1402 2871 1445 2918 Sc
1469 2878 1562 2930 est,
1585 2871 1627 2918 &
1645 2878 1879 2933 apparet.
1907 2871 2056 2920 Talis

419 2948 506 2996 hic
533 2947 711 2996 Ludio
735 2964 867 3009 puer
889 2954 1029 2996 tuus.

478 3024 584 3071 Ble.
614 3022 759 3085 Quid
782 3023 869 3071 hic
894 3030 1094 3072 stamus
1118 3029 1373 3083 tanquam
1409 3023 1543 3071 asini
1579 3023 1733 3071 otiosi
1753 3023 1771 3070 ?
1793 3039 1924 3072 num
1947 3022 2054 3071 huc

420 3099 770 3147 convenimus
794 3098 861 3146 ad
885 3098 1294 3159 abigen-[46]das
1319 3115 1530 3147 muscas
1551 3098 1676 3147 ?aut
1692 3097 1861 3146 hostis
1878 3098 2056 3147 veniat

420 3180 511 3222 aut
555 3190 653 3222 nos
698 3174 954 3223 abeamus
988 3190 1008 3241 ¹:
1055 3173 1277 3223 Audivit
1319 3173 1539 3222 fortasse
1582 3172 1796 3222 furcifer
1839 3190 1924 3222 me
1968 3172 2056 3223 hic
