2444 4140
570 368 635 423 14
973 350 1287 407 Pedautius
1312 354 1393 406 A.
1422 363 1465 406 Ι.
1487 354 1579 408 Sc,
1609 365 1712 408 ΙΙΙ.

556 507 838 557 definirem
864 523 1102 555 amorem
1123 523 1186 555 ex
1205 506 1457 557 Terentio
1486 525 1497 556 ε
1525 525 1640 557 esse
1665 508 2040 570 nimi-[26]rum
2063 510 2215 572 ignem

421 584 513 647 455
545 584 777 646 feminini
793 583 989 645 generis,
1017 582 1107 631 Sic
1131 583 1276 632 enim
1301 583 1408 643 ille,
1435 586 1608 633 Accede
1631 587 1693 633 ad
1715 585 1866 647 ignem
1891 586 2024 634 hanc.
2053 585 2221 634 Satin’

422 969 516 1028 460

419 1746 514 1795 470

420 2115 512 2177 475

418 2500 512 2559 480

415 3275 509 3322 490

559 661 663 710 hoc
688 677 752 709 ex
777 659 1078 708 sententia?

623 739 745 787 Dm.
775 737 893 797 Ego
919 753 1044 785 vero
1067 742 1351 798 retorqueo
1375 736 1480 787 hoc
1503 738 1899 799 Argumentum
1934 744 2088 788 tuum
2124 739 2216 798 sic,

561 816 728 862 Amor
763 818 842 861 est
875 813 1031 874 ignis.
1071 813 1216 874 Ergo
1251 812 1558 862 cauendum
1594 819 1673 862 est
1706 814 1775 863 ab
1809 831 1873 863 eo
1908 820 2165 876 tanquam
2191 833 2221 864 a

556 889 800 951 Scorpione
845 895 937 938 aut
979 890 1105 938 Cane
1144 890 1321 948 coelesti,
1365 890 1458 950 qui
1493 890 1549 938 in
1583 889 1774 940 diebus
1811 891 2222 941 Canicularibus

561 967 736 1016 calore
762 982 859 1014 suo
885 966 1079 1015 nocivo
1114 967 1240 1028 plus
1275 965 1484 1014 mordet
1514 983 1679 1026 quam
1715 967 1859 1016 ullus
1896 967 2043 1016 Canis
2077 969 2220 1016 latra-

558 1043 682 1091 bilis.

619 1121 739 1168 Ped.
770 1120 888 1168 Imo
914 1118 1376 1180 quemadmodum
1402 1120 1495 1181 qui
1526 1125 1651 1169 sunt
1686 1137 1716 1168 a
1741 1120 1977 1182 Scorpijs
2001 1120 2108 1178 icti,
2135 1121 2219 1168 vel

556 1196 882 1257 Scorpionibus
896 1196 1042 1247 (nam
1057 1195 1219 1245 huius
1234 1196 1472 1245 nominis
1490 1197 1650 1246 variae
1667 1202 1793 1245 sunt
1811 1195 2221 1262 declinatione-s)

559 1273 734 1321 solent
757 1272 826 1321 ab
850 1272 1040 1335 ijsdcm
1065 1272 1366 1322 remedium
1389 1279 1569 1334 petere
1599 1289 1609 1321 :
1637 1273 1709 1321 ita
1741 1289 1840 1334 ego
1875 1273 2072 1322 amoris
2106 1289 2221 1334 per-

557 1366 747 1400 cussus
772 1348 1013 1411 cuspide.
1042 1348 1275 1398 amando
1301 1366 1386 1398 me
1411 1349 1632 1398 sanabo.
1665 1350 1778 1399 Una
1799 1351 2036 1410 eademque
2059 1366 2223 1397 manus

556 1427 725 1474 vulnus
748 1430 957 1488 opemque
968 1425 1110 1488 feret.

619 1503 742 1551 Dro.
773 1504 925 1552 Itane
950 1502 969 1550 ?
991 1501 1223 1551 Attende
1259 1503 1420 1563 igitur
1455 1502 1561 1551 iam
1598 1501 1945 1551 incommoda
1979 1503 2178 1551 amoris
2207 1519 2217 1550 :

558 1586 691 1639 quot
730 1585 855 1628 sunt
890 1581 946 1628 in
985 1578 1173 1628 decem
1211 1578 1638 1628 Predicamentis
1678 1578 1890 1628 diuersa
1933 1578 2221 1629 Individua

555 1655 891 1706 diuersarum
907 1656 1197 1717 specierum
1215 1673 1225 1704 :
1243 1662 1376 1716 quot
1389 1655 1533 1717 apud
1551 1673 1739 1704 omnes
1757 1655 2021 1704 Thomistas
2039 1655 2081 1702 ἃ
2095 1656 2219 1704 Sco-

556 1733 706 1781 tistas
740 1733 1143 1794 Oppositiones,
1191 1733 1614 1794 Responsiones,
1645 1732 2058 1799 Distinctione53
2089 1738 2220 1792 quot

555 1808 745 1858 habuit
767 1825 1006 1869 vnquam
1031 1825 1192 1857 voces
1212 1809 1374 1870 primoe
1407 1809 1687 1866 intentionis,
1715 1814 1807 1857 aut
1839 1811 2041 1857 secundae
2073 1809 2217 1856 inten-

557 1885 693 1933 tionis
717 1892 900 1934 sancta
923 1886 1260 1946 Antiquitas;
1293 1891 1425 1945 quot
1460 1886 1516 1933 in
1549 1891 1600 1933 te
1637 1884 1680 1932 δε
1714 1901 1800 1933 me
1835 1884 1998 1933 verba
2025 1885 2220 1933 Latina

558 1968 716 2021 sunt;
742 1968 820 2010 tot
845 1961 943 2024 [27]
971 1968 1127 2011 erunt
1149 1961 1243 2009 tibi
1272 1961 1328 2010 in
1352 1961 1627 2010 amoribus
1652 1961 1879 2010 miseriae
1908 1978 1917 2009 :
1945 1960 2030 2010 Ad
2065 1962 2219 2011 cuius

557 2039 629 2101 rej
673 2038 998 2087 evidentiam
1039 2038 1115 2086 sic
1149 2037 1510 2099 procedimus.
1552 2038 1728 2096 Ratio,
1750 2030 1878 2098 'quae
1913 2044 1992 2087 est
2035 2038 2219 2100 auriga

558 2115 742 2174 animi,
791 2115 1156 2164 Affectionum
1213 2114 1453 2164 calcibus
1509 2114 1930 2172 conculcabitur,
1979 2113 2219 2163 libidinis

554 2191 701 2241 furor
725 2192 896 2240 maior
920 2192 1017 2240 erit
1040 2208 1205 2252 quam
1230 2197 1413 2253 raptus
1438 2191 1606 2252 ipsius
1629 2191 1789 2253 primi
1814 2191 2030 2240 mobilis
2052 2206 2063 2250 3
2089 2197 2219 2240 tunc

553 2267 776 2317 foemina
801 2268 898 2316 erit
930 2266 1331 2329 praedominans
1355 2268 1604 2329 qualitas,
1633 2283 1755 2328 quae
1790 2268 1834 2316 si
1867 2267 2002 2316 forte
2034 2268 2218 2329 virago

553 2344 727 2403 fuerit,
756 2343 924 2405 (quod
948 2351 1027 2393 est
1049 2361 1188 2406 pene
1212 2345 1510 2394 vniversale
1530 2343 1572 2391 &
1590 2344 1763 2393 dicitur
1785 2346 1839 2392 de
1861 2343 2086 2405 omnibus)
2104 2349 2218 2393 tum

556 2427 635 2470 est
657 2427 916 2482 tanquam
942 2420 1142 2470 torrida
1165 2437 1302 2470 zona
1326 2420 1369 2468 ἃ
1392 2437 1610 2483 prorsus
1643 2420 2010 2487 inhabitabilis
2039 2437 2049 2468 :
2075 2419 2218 2469 vide-

557 2498 640 2548 bis
685 2499 845 2547 etiam
886 2499 962 2547 sic
996 2498 1189 2547 tristari
1225 2499 1354 2548 istos
1388 2498 1638 2557 amasio&
1675 2498 1830 2559 quasi
1866 2498 1971 2546 iam
2008 2496 2220 2546 adesset

554 2575 815 2624 Dissolutio
855 2575 994 2623 huius
1032 2575 1251 2626 continui.
1288 2574 1375 2624 Ad
1415 2574 1531 2624 haec
1574 2575 1788 2636 negotia
1828 2574 1978 2643 nulla
2010 2579 2216 2632 curant,

554 2669 680 2701 cum
705 2658 887 2701 tamen
911 2651 1151 2701 studium
1177 2652 1244 2701 sit
1267 2651 1310 2699 &
1343 2652 1598 2701 nutritiva
1629 2650 1673 2698 ἃ
1704 2650 2105 2712 augmentativa
2139 2650 2219 2699 vis

556 2728 759 2777 cerebri
798 2745 809 2776 ε
849 2729 1149 2787 Postremo,
1189 2729 1283 2789 qui
1320 2734 1509 2790 captus
1543 2744 1725 2776 amore
1766 2732 1861 2784 est,
1889 2743 2001 2775 non
2041 2727 2219 2776 solum

555 2810 634 2854 est
658 2805 829 2854 oculis
865 2811 1070 2867 captus,
1091 2803 1203 2853 'sed
1238 2805 1397 2853 etiam
1432 2808 1630 2865 respectu
1652 2803 1750 2851 veri
1768 2803 1932 2860 viuere,
1962 2802 2018 2851 in
2041 2808 2214 2852 totum

554 2887 633 2930 est
655 2887 917 2931 mortuus.

615 2958 735 3006 Ped.
764 2958 883 3018 Ego
908 2973 1034 3006 vero
1059 2963 1114 3005 vt
1137 2962 1380 3005 mortuus
1405 2956 1504 3005 sim
1526 2956 1545 3003 ?
1570 2956 1867 3015 Nunquam
1901 2954 1954 3003 id
1988 2954 2211 3014 fatebor,

552 3035 663 3081 dum
708 3033 881 3082 viuam.
931 3033 1020 3082 Sic
1065 3032 1279 3094 obijcio.
1322 3031 1526 3081 Vides?
1574 3032 1756 3080 Motus
1801 3047 1913 3079 non
1958 3031 2215 3080 conuenit
2246 3079 2249 3082 ,

553 3110 795 3159 mortuis.

614 3186 736 3233 Dro.
756 3186 1013 3247 Arguitur
1031 3201 1059 3233 e
1078 3190 1264 3233 contra
1283 3185 1376 3243 sic,
1398 3185 1595 3233 Amator
1612 3183 1733 3232 viuit
1747 3183 1797 3231 in
1814 3188 1992 3246 corpore
2009 3185 2206 3242 Amatae,

553 3265 606 3309 at
623 3260 714 3310 vbi
731 3262 881 3322 Viuit,
903 3261 978 3311 ibi
1002 3266 1081 3311 est
1103 3261 1220 3312 eius
1243 3260 1424 3310 anima
1442 3276 1454 3321 ;
1474 3259 1518 3308 ἃ
1535 3259 1626 3310 vbi
1650 3260 1765 3310 eius
1790 3260 1987 3320 anima,
2015 3259 2089 3310 ibi
2109 3259 2208 3323 [28]
