2444 4140
269 636 356 684 130

851 407 1162 462 Pedantius
1185 408 1237 461 A
1254 447 1265 460 .
1293 416 1336 459 Ι.
1358 407 1448 460 Se.
1477 415 1548 458 ΙΙ.
2002 408 2035 461 5

398 576 613 620 quoque
651 557 918 622 perpauca
951 561 1260 622 (maiestatis
1294 560 1509 609 maioris
1543 558 1724 621 causa)
1759 558 2032 618 addiderO,

399 637 537 696 aequi
561 635 796 696 bonique
822 637 1070 685 consulas
1095 642 1317 697 oportet,
1346 636 1652 696 Poggloste.

458 713 579 773 Pog.
609 712 771 770 Here,
800 713 937 760 inest
959 711 1092 761 mihi
1116 712 1371 761 naturalis
1396 710 1642 772 quaedam
1678 710 2033 769 11110601111135,

397 802 518 846 quae
548 785 777 836 duorum
810 786 1024 848 pondus
1056 803 1362 849 pugnorum
1395 786 1623 849 perferre
1655 786 1892 848 profecto
1926 803 2038 836 non

396 867 588 923 potest.

462 937 571 986 Cro,
600 936 707 986 Sed
730 954 941 987 summa
964 938 1207 988 omnium
1230 943 1309 987 est
1331 937 1375 985 δε
1397 937 1616 998 quidem
1638 954 1814 986 summa
1841 954 2037 986 summa-

268 1011 355 1060 135
397 1028 517 1070 rum,
543 1018 600 1061 vt
621 1011 762 1061 fidus
785 1013 873 1062 515.

271 1405 359 1450 140

269 1766 355 1827 145

270 2142 359 2191 150

274 2682 360 2732 155

275 3063 364 3109 160

459 1088 580 1149 Pog.
619 1088 769 1146 Sum,
804 1088 942 1149 idque
981 1089 1066 1137 tibi
1099 1106 1196 1137 mea
1219 1089 1321 1152 fide
1347 1094 1525 1151 praesto,
1564 1089 1729 1150 totique
1765 1089 2036 1151 reipublicae.

402 1162 538 1210 Mihi
564 1163 692 1211 olim
715 1164 951 1224 porticus
974 1165 1160 1226 templi
1184 1164 1350 1212 nostri
1384 1171 1494 1213 6131
1524 1181 1621 1226 pro
1656 1164 1997 1214 incunabulis
2025 1181 2036 1212 :

400 1237 474 1286 ibi
497 1238 640 1286 6111111
666 1239 955 1300 expositum
978 1257 1064 1288 me
1100 1246 1267 1289 mater
1289 1257 1408 1288 mea
1430 1241 1660 1300 reliquit,
1687 1239 1998 1301 aufugitque
2026 1256 2037 1288 :

400 1328 463 1361 ex
497 1329 605 1372 quo
640 1331 803 1373 sacer,
828 1321 988 1373 totus,
1014 1321 1173 1374 totus,
1206 1322 1457 1375 quantus,
1484 1322 1733 1376 quantus,
1769 1315 1846 1364 fui
1879 1315 2037 1364 illico.

465 1390 574 1438 Cro.
600 1391 671 1438 At
693 1396 873 1439 metuo
896 1392 1054 1450 male,
1079 1390 1309 1449 furcifer,
1336 1408 1404 1439 116
1427 1391 1683 1452 fugitivus
1706 1392 1794 1439 sis.

459 1466 582 1526 Pog.
606 1464 670 1514 Id
693 1483 817 1514 vero
842 1466 947 1515 13111
971 1472 1127 1515 311163
1145 1466 1421 1525 denuntio,
1443 1466 1666 1515 detineri
1684 1483 1769 1515 me
1787 1483 1855 1515 ne
1872 1483 2040 1516 vnum

402 1540 459 1588 in
482 1539 624 1589 diem
647 1557 823 1602 posse,
848 1542 905 1590 ni
939 1541 1060 1590 cibo
1094 1541 1138 1588 δε
1170 1543 1389 1603 potione
1422 1543 1625 1592 vincias
1651 1558 1663 1590 :
1699 1541 1862 1604 Apud
1894 1558 2039 1591 men-

401 1632 515 1664 sam
561 1615 627 1677 [9]
672 1617 890 1678 plenam
934 1623 1164 1666 rostrum
1209 1617 1313 1666 hoc
1358 1617 1576 1679 defiges,
1624 1617 1808 1678 sicque
1850 1617 2042 1665 vinclis

400 1692 747 1741 constrictum
773 1691 1000 1754 cibarijs,
1027 1693 1112 1741 vel
1137 1693 1408 1754 captivum
1432 1692 1674 1741 habebis·

464 1767 574 1816 Cro.
604 1768 827 1816 Introito
851 1768 957 1816 iam
982 1785 1128 1817 nunc
1152 1768 1328 1829 igitur,
1354 1767 1621 1829 hospitem
1644 1767 1784 1817 hanc
1807 1773 2043 1816 nostram

401 1841 542 1900 iube,
563 1848 620 1890 vt
636 1842 773 1891 bene
791 1843 1041 1903 lauteque
1060 1844 1284 1893 instruat
1301 1843 1402 1891 hac
1419 1849 1576 1892 110016
1598 1860 1840 1893 11161153111
1859 1843 2041 1892 nobis:
2058 1888 2079 1908 's

405 1916 744 1978 Lydiamque
788 1935 965 1967 meam
1010 1919 1196 1983 invitet
1238 1918 1283 1965 δε
1327 1919 1535 1967 occulte
1580 1917 1649 1967 ad
1687 1935 1744 1967 56
1781 1917 2040 1977 traducat,

400 1999 646 2055 sumptus
663 1993 823 2043 faciat
838 1994 1141 2053 liberaliter,
1163 2011 1392 2055 meoque
1411 1995 1588 2055 affigat
1611 1995 1793 2051 omnia
1814 1994 2040 2044 nomini.

460 2069 583 2131 Pog.
607 2069 707 2118 Vel
732 2085 853 2118 meo
876 2070 1054 2129 etiam,
1081 2070 1125 2118 51
1147 2070 1339 2131 placet,
1366 2087 1492 2119 nam
1515 2086 1627 2119 non
1659 2071 1890 2120 multum
1912 2070 2042 2118 inte-

400 2149 523 2192 rest.

465 2219 575 2268 Cro.
600 2221 872 2288 Accelera.

462 2295 584 2357 Pog.
612 2296 730 2357 Ego
753 2296 860 2346 huc
882 2296 926 2344 &
949 2298 1078 2347 illuc
1100 2303 1292 2357 vortar,
1319 2314 1427 2358 quo
1452 2297 1757 2359 imperabis.

853 2427 905 2481 A
920 2431 1037 2481 ctus
1064 2429 1112 2482 I.
1135 2428 1312 2482 Scena
1342 2429 1422 2481 II.

780 2552 1081 2601 CROBOLVS.
1110 2554 1505 2602 DROMonoTVS.

468 2684 776 2742 Enimvero,
816 2684 1040 2743 Crobok,
1074 2701 1270 2746 magna
1302 2685 1505 2733 moliris
1542 2701 1553 2732 :
1591 2685 1793 2733 scilicet
1823 2701 2041 2734 vxorem

405 2758 616 2817 ducere,
638 2760 916 2820 parvulam
940 2759 1124 2808 vrbem
1142 2759 1283 2808 hanc
1300 2776 1493 2820 augere
1517 2759 1726 2809 ciuibus
1749 2760 2041 2808 vtilissimis

404 2834 584 2883 liberis
601 2835 706 2884 tuis
724 2835 991 2884 :servulos
1014 2841 1065 2884 et
1080 2834 1338 2883 familiam
1357 2836 1496 2883 alere
1515 2841 1655 2884 :tum
1680 2835 1837 2884 etiarn
1862 2851 2042 2896 gerere

406 2910 772 2971 magistratum
810 2911 867 2959 in
904 2910 1182 2972 republica.
1226 2910 1410 2959 Primo
1454 2911 1832 2972 cauponariam
1876 2916 2042 2959 artem

404 2985 811 3046 pro-[10]fitebor
838 3002 848 3034 :
875 3003 1001 3035 nam
1038 2985 1213 3047 Lydia
1247 2986 1394 3034 cibos
1428 2985 1645 3034 condire
1679 2986 1832 3035 nouit
1863 2986 2040 3035 lautis-

407 3061 557 3109 sime.
585 3061 703 3122 Ego
727 3061 986 3123 accipiam
1011 3062 1267 3111 conuivas
1290 3062 1674 3110 humanissime
1703 3078 1713 3109 :
1740 3062 1963 3110 efficiam
1987 3067 2043 3110 vt

405 3135 544 3184 aedes
583 3153 729 3185 meas
768 3137 1013 3198 generosi
1050 3136 1403 3197 frequentent.
1450 3138 1614 3185 Filias
1653 3137 1696 3185 51
1739 3136 1871 3186 ferat
1908 3137 2040 3186 mihi

404 3211 702 3272 pulchellas
729 3212 903 3274 Lydia
925 3229 1044 3261 mea
1068 3212 1131 3274 (&
1152 3212 1282 3262 feret
1315 3229 1523 3274 semper
1553 3213 1869 3271 necessario,
1895 3211 2041 3272 quod

406 3302 506 3350 ego
529 3286 673 3348 volo)
697 3304 786 3336 eas
804 3294 856 3337 et
872 3289 985 3337 istis
1002 3288 1193 3338 locabo
1212 3287 1402 3338 callide
1428 3288 1619 3337 :vitam
1637 3287 1912 3338 traducam
1931 3303 2040 3341 om·
2127 3331 2129 3336 ,
