2444 4140
534 427 604 494 34
932 420 1246 477 Pedantius
1270 422 1352 477 A.
1381 432 1485 477 ΙΙΙ.
1514 423 1606 478 Se.
1631 433 1674 476 1.

603 581 720 641 Tyr.
750 579 851 627 Eo.
1357 578 1497 627 Exit.

599 656 710 705 Cro,
749 655 917 716 Spero
947 653 1169 714 quidem
1204 654 1316 715 jam
1353 653 1407 703 id
1442 655 1759 705 effecturum
1795 674 1899 715 me,
1928 663 1986 706 ut
2019 656 2063 704 &
2100 658 2196 707 iste

535 738 783 794 sumptus
822 730 980 779 nobis
1019 737 1310 792 perpetuos
1356 738 1624 793 suggerat,
1673 732 1716 779 δε
1762 732 1894 782 mihi
1940 732 2197 796 deinceps

534 809 801 857 faciliores
826 808 932 856 sint
966 807 1035 856 ad
1072 807 1305 869 Lydiam
1342 825 1519 857 meam
1555 808 1750 868 aditus,
1778 810 1821 858 si
1853 810 2014 859 istum
2041 811 2198 860 istinc

372 886 489 948 1175
535 885 782 946 abegero,
810 885 903 945 qui
922 884 1034 946 jam
1059 901 1177 943 nos,
1205 891 1264 934 ut
1286 886 1481 946 Argus,
1509 885 1772 944 observat,
1801 886 2015 935 inhians
2049 888 2198 949 puel-

536 962 662 1011 lulae
700 962 855 1022 quasi
894 960 1090 1023 praedae
1129 977 1240 1011 suae
1278 978 1289 1010 z
1332 978 1496 1022 quam
1538 979 1637 1023 ego
1678 980 1824 1011 nunc
1864 970 1923 1012 ut
1960 963 2197 1025 praedam

535 1055 712 1087 meam
737 1037 1034 1100 deglutiam
1058 1055 1068 1097 3
1096 1039 1289 1087 sentiet
1322 1038 1587 1088 stomachi
1622 1041 1788 1088 nostri
1824 1041 1970 1089 calor
1994 1047 2197 1101 quanto

536 1122 751 1178 superet
774 1115 1197 1164 struthiocameli
1233 1114 1472 1165 furnum.
1503 1116 1647 1165 Nam
1683 1123 1822 1165 certe
1858 1134 2197 1178 concoquere

533 1192 831 1251 hominem,
880 1191 924 1239 δε
967 1193 1129 1254 plane
1175 1192 1460 1241 absumere
1516 1192 1728 1242 decrevi
1779 1210 1790 1242 :
1841 1195 2197 1256 Pogglostum

373 1272 492 1318 1180
537 1268 697 1319 credo
738 1286 947 1318 carcere
987 1270 1309 1318 conclusum
1355 1270 1557 1330 aliquo,
1606 1287 1730 1319 cum
1774 1271 1884 1332 jam
1926 1288 2196 1332 nusquam

538 1352 807 1409 appareat.
839 1347 1038 1395 Reviso
1063 1345 1196 1406 quid
1220 1345 1308 1395 hic
1333 1352 1538 1417 agatur.

858 1494 908 1547 A
923 1497 1042 1547 ctus
1070 1495 1284 1547 tertius.
1314 1493 1493 1547 Scena
1511 1496 1721 1562 prima.

916 1636 1252 1683 PEDANTws.
1281 1633 1666 1684 TYROPHAGUS.

606 1768 739 1818 Itan’
765 1767 896 1829 quid
921 1773 1000 1816 est
1023 1768 1127 1817 hoc
1148 1768 1166 1815 ?
1188 1767 1308 1816 Ain’
1333 1784 1459 1816 vero
1479 1767 1498 1815 Ρ
1520 1774 1717 1830 repete,
1747 1768 1988 1818 obsecro.
2019 1770 2115 1832 [67]

378 1848 494 1895 1185
607 1847 724 1908 Tyr.
751 1845 1004 1907 Majestas
1023 1843 1290 1907 (inquam)
1310 1845 1471 1906 regia,
1499 1862 1623 1894 cum
1640 1845 1908 1895 -Leonidae
1927 1846 2201 1909 (discipuli

542 1924 672 1972 olim
697 1921 795 1984 tuj)
816 1922 1095 1971 scientiam
1115 1921 1158 1969 ἃ
1182 1938 1359 1970 mores
1385 1920 1620 1981 vidisset,
1649 1923 1806 1985 caepit
1831 1922 1978 1973 hunc
2001 1941 2199 1983 amare,

539 2006 699 2060 teque
735 1998 954 2048 laudare
984 1999 1183 2061 palam,
1212 2015 1239 2047 e
1264 1998 1420 2060 cujus
1445 1998 1644 2048 Schola
1667 1999 1882 2062 prodijt,
1905 2001 2127 2062 jamque
2151 2012 2202 2050 te

541 2076 835 2135 accersivit,
862 2082 919 2124 vt
943 2076 1187 2125 sobolem
1223 2076 1525 2125 committat
1558 2093 1711 2126 suam
1738 2077 1835 2126 tibi
1861 2076 2200 2127 educandam

542 2154 786 2203 similiter
819 2152 976 2202 docte
1010 2152 1053 2200 ὃς
1087 2154 1192 2215 pie,
1231 2168 1340 2213 quo
1379 2153 1549 2215 prosit
1586 2155 1788 2215 patriae.
1817 2154 1936 2216 Ego
1978 2154 2203 2204 Satelles

378 2248 498 2294 1190
540 2230 760 2293 praestiti
785 2228 933 2291 quod
958 2229 1275 2279 mandatum
1301 2237 1412 2278 erat
1434 2229 1788 2292 paratissime.

603 2308 723 2355 Ped.
753 2306 1002 2356 Sciebam
1027 2323 1113 2356 me
1140 2307 1439 2366 Oratorem,
1467 2323 1580 2356 non
1603 2308 1902 2366 Aratorem,
1924 2310 1987 2356 ad
2006 2309 2203 2357 Curiam

542 2401 608 2432 me
642 2390 847 2442 natum,
882 2400 971 2431 uon
1009 2385 1072 2432 ad
1113 2383 1320 2432 Currum
1356 2400 1471 2432 esse
1501 2400 1511 2432 :
1538 2383 1670 2444 quid
1705 2383 1846 2443 dico,
1875 2384 2102 2433 natum?
2135 2384 2203 2433 ab

543 2461 727 2521 aliquo
754 2460 872 2509 Deo
896 2459 1118 2519 factum,
1147 2459 1215 2509 ad
1251 2476 1414 2521 quem
1449 2466 1708 2521 tanquam
1745 2459 1813 2509 ad
1848 2467 2203 2510 mercaturam

541 2537 808 2586 bonarum
849 2537 1044 2586 artium
1086 2554 1276 2586 omnes
1311 2536 1606 2586 confluant.
1637 2537 1780 2586 Nam
1817 2554 1880 2586 ex
1915 2537 2046 2587 ludo
2081 2554 2204 2586 meo

379 2615 496 2677 1195
542 2614 966 2663 innumerabiles
1002 2614 1255 2663 Oratores
1289 2617 1570 2676 (tanquam
1606 2630 1669 2662 ex
1702 2631 1811 2675 equo
1855 2613 2080 2676 Trojano)
2120 2631 2204 2663 ex·

544 2693 736 2740 ierunt.
767 2692 883 2740 Iam
920 2707 1020 2752 ego
1056 2692 1113 2740 in
1146 2690 1280 2750 for0,
1308 2691 1365 2740 in
1396 2691 1562 2750 curia,
1602 2691 1657 2739 in
1697 2691 1868 2740 oculis
1903 2691 2120 2750 civium,
2149 2692 2204 2740 in

542 2770 663 2818 luce
687 2768 997 2831 reipublicae,
1025 2767 1295 2817 versabor.

609 2846 727 2908 Tyr.
757 2844 1126 2908 Quamobrem
1152 2844 1195 2892 &
1220 2861 1319 2906 ego
1345 2844 1705 2907 (ornatissime
1735 2844 2204 2905 literatissimeque

542 2921 657 2983 Vir)
685 2922 850 2984 Regis
874 2923 977 2984 mej
1005 2922 1226 2970 nomine
1260 2938 1356 2983 per
1388 2927 1536 2970 tuam
1561 2927 1612 2969 te
1637 2921 1933 2970 bonitatem
1958 2921 2100 2983 (quae
2126 2928 2206 2980 est

379 3014 499 3048 1200
542 2999 599 3047 in
644 2999 954 3048 mortalium
1000 2997 1162 3047 rebus
1212 2996 1620 3059 gloriosissima)
1664 3013 1868 3059 perque
1924 2998 2203 3047 scientiam

543 3075 716 3137 ipsam
757 3075 942 3137 (quam
985 3091 1173 3123 omnes
1213 3072 1566 3133 admirantur)
1607 3073 1848 3133 obsecro,
1887 3090 1954 3123 ne
1989 3090 2203 3124 recuses

542 3158 791 3213 praestare
818 3151 916 3214 [68]
941 3149 1090 3212 quod
1123 3150 1337 3212 petitur,
1376 3166 1511 3199 neve
1544 3150 1812 3212 privatum
1849 3151 2017 3200 otium
2058 3156 2201 3199 ante·

542 3245 713 3290 ponas
733 3228 947 3278 utilitati
966 3228 1129 3276 totius
1148 3226 1441 3288 reipublicae
1461 3243 1472 3274 :
1497 3228 1726 3289 Insuper
1749 3227 1896 3289 (audi
1922 3228 1977 3276 in
1996 3229 2202 3276 aurem)

544 3303 771 3354 ditesces
795 3303 864 3354 ad
888 3304 1184 3354 satietatem
1209 3319 1400 3364 usque.
