2444 4140
791 413 1101 475 Pedantiu's
1125 395 1205 475 Α.
1234 430 1330 475 IV.
1358 394 1448 476 Se.
1477 429 1549 473 ΙΙ.
1958 390 2029 493 55

388 576 598 625 mentis.
628 576 743 623 Iam
766 574 863 623 has
900 575 1142 636 Quatuor
1176 575 1556 634 quaternitates
1590 574 1863 636 appellant
1896 590 2026 624 non-

227 652 345 714 1925
388 645 524 701 nulli
569 651 945 712 quadrangulum
987 654 1180 698 natum.
1227 651 1431 700 Natura
1474 666 1599 699 vero
1643 667 1755 699 non
1794 650 1958 699 oritur
1997 667 2028 699 a

390 743 567 785 sensu,
597 727 740 787 Ergo
765 742 941 785 neque
967 726 1231 787 Cognitio.

450 804 571 851 Par.
623 801 931 850 Mehercule
986 801 1063 850 sic
1106 801 1330 851 videtur.
1382 802 1524 851 Nam
1579 801 1738 864 hujus
1794 802 2028 864 cognitio

388 894 604 940 prorsus
627 878 742 925 sine
766 893 926 925 sensu
951 882 1045 924 est.

453 954 575 1003 Dro.
605 952 872 1014 Quaeritur
904 951 992 1000 hic
1031 969 1101 1001 an
1139 953 1313 1001 omnis
1347 970 1508 1003 causa
1542 953 1670 1014 [110]
1704 953 1830 1003 facit
1862 954 2033 1004 scire?

230 1032 349 1092 1930
394 1027 785 1090 Respondetur,
819 1027 966 1087 quod
999 1044 1127 1086 non,
1153 1045 1279 1077 nam
1304 1029 1544 1090 excipere
1568 1029 1730 1078 debes
1753 1030 2034 1091 privation-

393 1121 478 1153 em
527 1121 537 1151 :
574 1120 700 1152 nam
734 1103 960 1164 privatio
993 1119 1155 1151 causa
1188 1102 1231 1150 &
1263 1104 1587 1165 principium
1622 1110 1701 1153 est
1742 1121 1837 1166 per
1880 1106 2030 1154 Acci-

391 1179 524 1228 dens
562 1195 572 1226 :
608 1195 735 1226 nam
774 1178 1016 1226 absentia
1053 1179 1127 1226 rei
1161 1195 1272 1227 rem
1313 1180 1518 1227 nullam
1558 1179 1822 1241 significat
1858 1197 1870 1228 ε
1905 1197 2032 1230 nam

392 1254 514 1303 ideo
542 1255 774 1315 reijcitur
807 1271 838 1301 a
873 1253 1309 1303 Praedicamentis
1338 1271 1348 1301 ε
1374 1272 1500 1303 nam
1535 1256 1753 1304 materia
1785 1256 1957 1316 prima
1989 1255 2033 1303 &

391 1330 562 1379 forma
584 1330 755 1391 prima
774 1335 899 1378 sunt
917 1330 1271 1378 constituti-vae
1294 1346 1485 1388 causae,
1507 1347 1632 1378 nam
1651 1331 1719 1379 ab
1738 1332 1850 1380 istis
1870 1332 2034 1385 oritur

233 1406 350 1469 1935
395 1422 571 1454 rerum
586 1405 828 1453 omnium
843 1405 996 1464 quasi
1009 1404 1314 1463 vivificatio,
1333 1411 1424 1454 aut
1435 1405 1752 1467 prolificatio
1766 1406 2030 1466 quaedam.

456 1483 577 1529 Par.
606 1481 757 1529 Certe
781 1480 895 1528 haec
919 1496 1031 1529 non
1053 1479 1262 1539 stolide,
1289 1480 1382 1529 sed
1407 1480 1575 1530 solide
1599 1480 1856 1543 disputas.

454 1558 576 1606 Dro.
604 1556 868 1604 Praeterea
901 1572 1240 1616 cognoscere,
1278 1573 1390 1604 non
1423 1563 1502 1605 est
1532 1556 1697 1606 fluere
1730 1557 2031 1619 phrasibus,

396 1632 440 1680 &
462 1631 658 1680 habere
683 1635 748 1679 tot
768 1635 875 1691 quot
897 1632 1128 1679 verborum
1144 1649 1163 1688 ;
1188 1630 1284 1680 sed
1307 1632 1591 1693 complecti
1625 1649 1736 1681 rem
1770 1634 2035 1694 complete

395 1707 439 1755 δε
461 1707 691 1756 totaliter
715 1707 875 1764 intus,
902 1705 946 1753 (ἵε
969 1707 1026 1755 in
1049 1712 1186 1765 cute,
1213 1723 1337 1755 cum
1369 1706 1620 1757 omnibus
1641 1708 1953 1769 subsistentis&
1980 1708 2038 1756 ὦ»

236 1801 355 1847 1940
396 1783 692 1843 inhaerentijs.
742 1782 983 1843 Percipis
1037 1782 1173 1830 ista?
1229 1782 1357 1830 Ha?
1400 1782 1585 1844 Spero,
1633 1799 1744 1832 non
1787 1789 2040 1845 superant

399 1864 616 1921 captum
638 1864 811 1907 tuum.

458 1935 581 1983 Par.
621 1933 776 1983 Facis
811 1932 1102 1982 clarissime
1131 1933 1241 1995 jam
1274 1939 1331 1982 vt
1362 1933 1546 1993 sciam,
1580 1950 1702 1995 quae
1733 1934 2038 1984 nesciebam

398 2011 565 2072 priuS.

459 2087 581 2134 Dro.
625 2084 787 2148 Quod
827 2086 984 2134 efficit
1023 2085 1145 2143 tale,
1187 2084 1322 2134 illud
1366 2085 1543 2147 ipsum
1584 2092 1663 2134 est
1706 2086 1876 2147 magis
1914 2087 2036 2135 tale.

239 2163 356 2226 1945
401 2163 544 2212 Puer
577 2161 665 2209 hic
698 2162 918 2222 glaucos
951 2160 1156 2209 habens
1185 2161 1387 2219 ocuIOS,
1414 2162 1623 2210 vultum
1657 2162 1875 2219 clarum,
1904 2162 2039 2210 auri·

402 2238 550 2287 culas
568 2243 772 2294 tenues,
799 2236 947 2284 labra
964 2252 1076 2284 non
1098 2252 1296 2297 grossa,
1319 2252 1383 2284 ex
1399 2235 1825 2297 physiognomiae
1842 2237 2040 2297 regulis

402 2313 712 2373 ingeniosus
750 2311 793 2358 &
832 2310 986 2360 valde
1024 2310 1587 2372 discipli-[111]nabilis
1625 2311 1897 2373 putandus
1941 2318 2036 2360 est.

405 2389 547 2437 Nam
587 2388 723 2436 sicut
762 2403 825 2435 ex
863 2388 1016 2436 urina
1049 2387 1388 2448 cognoscitur
1421 2387 1656 2446 morbus,
1684 2388 1759 2436 sic
1793 2404 1856 2436 ex
1889 2388 2041 2437 vultu

403 2480 554 2512 mens
578 2463 710 2524 ipsa.
738 2463 808 2510 Et
826 2461 1286 2522 quemadmodum
1304 2462 1499 2511 humor
1515 2462 1800 2512 dominans
1818 2464 1874 2512 in
1892 2479 2039 2524 corp-

242 2540 361 2602 1950
405 2556 493 2588 ore
518 2538 818 2587 manifestat
841 2554 895 2586 se
921 2554 983 2585 ex
1007 2538 1381 2599 evaporatione
1415 2554 1510 2599 per
1533 2555 1710 2599 poros,
1742 2537 1785 2585 &
1813 2544 2036 2597 meatus,

403 2615 479 2663 sic
518 2613 653 2663 illud
691 2614 1049 2662 intellectuale
1087 2614 1483 2675 primogenium
1515 2613 1642 2663 facit
1674 2614 2039 2675 apparentiam

406 2691 462 2739 in
483 2689 636 2739 facie.

464 2767 586 2814 Par.
614 2765 670 2814 Si
703 2765 773 2812 ita
807 2765 873 2812 sit
896 2763 1223 2826 (doctissime
1250 2763 1522 2825 Magister)
1546 2765 1747 2826 optima
1780 2765 1885 2813 mei
1919 2779 2039 2826 cog·‘

406 2839 664 2890 noscendi
687 2841 819 2888 ratio
843 2846 936 2897 est,
963 2841 1172 2888 vultum
1197 2845 1254 2888 ut
1277 2856 1458 2888 meum
1482 2846 1716 2901 spectem
1740 2841 1798 2888 in
1819 2840 2039 2902 speculo

245 2917 362 2980 1955
404 2918 569 2965 vitreo
604 2915 860 2976 quotidie,
898 2916 1034 2963 sicut
1068 2914 1194 2963 facit
1227 2915 1387 2963 Soror
1420 2931 1555 2964 mea.
1581 2915 1818 2964 Annon?
1844 2915 2040 2977 Quaeso

406 2991 493 3041 dic
517 2992 666 3040 mihi.

467 3069 589 3116 Dr0.
617 3066 863 3116 Profecto
888 3067 1059 3128 arguit
1083 3072 1283 3127 argute.
1312 3066 1491 3116 Tuum
1515 3083 1626 3116 non
1648 3071 1727 3115 est
1750 3073 2038 3128 opponere,

410 3144 606 3192 Parille
633 3159 644 3191 ε
671 3141 901 3191 Attende
920 3143 1030 3203 jam
1055 3149 1177 3202 quae
1201 3148 1513 3202 sequuntur.

468 3220 590 3267 Par.
639 3219 878 3280 Expecto
923 3217 1268 3280 cupidissime
1313 3218 1628 3279 sapientiam
1672 3223 1820 3267 tuam
1867 3216 2047 3285 ‘avidis

250 3295 369 3359 1960
411 3293 641 3343 auribus.
