2444 4140
638 454 709 524 46
1040 451 1354 506 Pedantius
1379 452 1432 507 Α
1449 495 1459 506 .
1490 463 1592 506 ΙΙΙ.
1622 454 1714 508 Se.
1747 463 1838 510 VI.

632 611 711 672 (ut
743 608 915 669 furiae)
946 609 1023 657 sic
1057 614 1164 657 tuae
1196 607 1295 657 tibi
1330 615 1614 658 occurrent
1647 608 1871 668 iniuriae,
1899 615 2162 670 eruntque
2195 610 2293 660 tibi

630 692 853 736 tortores
887 684 1226 747 serpentibus
1266 684 1607 743 horridiores,
1651 701 1774 746 quae
1812 685 1916 734 vitae
1946 688 2095 748 perda
2133 703 2207 745 es,
2249 685 2293 735 &

468 766 588 813 1600
631 768 841 813 montes
868 761 965 824 [91]
992 761 1279 810 monstrosi
1316 762 1442 809 mali
1473 760 1797 823 jamdudum
1833 762 1889 811 in
1924 779 2010 811 me
2046 761 2293 814 ardentes

624 839 775 901 jacis.

684 917 817 965 Lud.
848 913 1185 963 Honorande
1220 915 1491 963 Maecenas
1520 931 1531 963 :
1558 914 1715 964 dicax
1749 915 1865 965 haec
1888 915 1931 963 &
1957 916 2295 965 convitiatrix

632 998 712 1041 est
734 991 974 1050 foemina,
997 997 1056 1041 ut
1073 990 1301 1041 videtur.
1322 992 1490 1040 Visne
1515 992 1677 1053 igitur
1700 991 1980 1055 (quoniam
2005 1009 2117 1042 non
2141 992 2295 1042 decet

629 1069 734 1118 hoc
781 1068 1118 1118 nobilitatem
1165 1071 1335 1130 tuam)
1382 1075 1440 1118 ut
1485 1085 1584 1130 ego
1632 1069 1780 1118 illam
1838 1069 2206 1119 Ciceronianis
2251 1069 2294 1119 δε

467 1147 584 1198 1605
631 1145 971 1195 Το10111131115
996 1144 1298 1194 11131οᾶ10115
1323 1138 1541 1195 onerem
1563 1146 1581 1193 Ρ

693 1225 816 1272 Dro.
846 1222 1057 1281 Puella,
1084 1222 1235 1271 vides
1259 1222 1407 1272 hunc
1442 1222 1605 1285 radijs
1639 1223 1917 1272 nocturnis
1951 1223 2058 1272 tuis
2091 1222 2292 1272 factum

630 1317 746 1349 esse
775 1316 915 1362 pene
953 1300 1283 1349 Lunaticum
1313 1316 1323 1348 :
1351 1317 1477 1349 nam
1502 1306 1559 1349 tu
1586 1316 1642 1348 es
1663 1300 1808 1350 Luna
1831 1298 1900 1348 ad
1925 1316 2068 1358 eum,
2096 1299 2140 1347 &
2162 1298 2294 1349 facis

626 1377 806 1427 fluxus
846 1376 889 1424 δε
929 1376 1166 1426 refluxus
1207 1376 1263 1425 in
1304 1377 1437 1425 mari
1478 1377 1673 1425 mentis
1708 1377 1823 1426 eius
1852 1393 1862 1424 τ
1891 1377 1945 1426 111
1981 1392 2090 1437 quo
2125 1377 2294 1426 anim-

629 1453 904 1503 advertere
922 1459 1077 1516 potes
1096 1452 1418 1503 infinitatem
1438 1451 1715 1514 quandam
1734 1453 1932 1502 amoris
1946 1453 2291 1503 coniunctam

466 1535 586 1582 1610
630 1549 755 1581 cum
791 1531 1137 1580 universitate
1173 1530 1375 1580 doloris
1404 1547 1414 1578 :
1442 1529 1574 1592 quid
1610 1530 1654 1579 si
1684 1530 1795 1592 jam
1831 1546 1895 1579 ex
1930 1530 2044 1579 istis
2078 1528 2294 1580 duobus

630 1608 896 1658 concretis
940 1609 1237 1673 compactis
1282 1607 1325 1655 &
1370 1607 1668 1668 coagulatis
1725 1607 1862 1656 inter
1907 1623 1962 1656 se
2012 1613 2294 1669 generetur

630 1685 953 1735 destructiva
979 1685 1161 1745 aliqua
1183 1685 1412 1747 privatio
1438 1685 1723 1746 spirituum
1748 1684 2027 1734 vitalium?
2062 1684 2211 1733 Num
2235 1690 2293 1733 tu

631 1763 707 1812 sic
732 1762 1047 1824 organicum
1072 1762 1176 1811 hoc
1207 1761 1500 1823 reipublicae
1534 1760 1838 1810 membrum
1874 1759 2122 1810 causares
2157 1761 2293 1810 mori

629 1856 812 1889 amore
834 1839 913 1887 tui
934 1839 953 1886 Ρ
979 1839 1168 1899 Itaque
1188 1839 1301 1887 noli
1320 1838 1554 1900 amplius
1579 1843 1931 1897 nauseantem
1952 1837 2292 1887 stomachum

466 1917 583 1967 1615
628 1916 827 1967 habere
867 1914 1124 1964 adversus
1166 1932 1308 1974 eum,
1353 1915 1447 1975 qui
1487 1920 1537 1963 te
1583 1915 1749 1964 veluti
1795 1913 2209 1964 confortativum
2250 1914 2293 1963 &

627 1993 1037 2043 restaurativum
1062 2009 1221 2042 suum
1247 1992 1466 2054 appetit.

689 2071 818 2133 Lyd.
846 2070 965 2131 Ego
990 2086 1091 2118 nec
1113 2075 1171 2118 tu
1197 2068 1329 2130 quid
1353 2067 1519 2125 dicas,
1549 2068 1647 2131 [92]
1674 2085 1773 2117 nec
1793 2068 1882 2117 ille
1905 2085 1990 2118 me
2009 2075 2153 2118 amet
2171 2086 2291 2119 1100-

629 2164 714 2206 ne,
743 2147 873 2196 scio.

689 2225 809 2273 Ped.
854 2224 911 2272 Si
950 2223 1038 2272 hic
1084 2223 1151 2272 sit
1189 2228 1358 2272 status
1397 2223 1775 2271 controversiae
1820 2228 2032 2281 nostrae,
2082 2223 2189 2271 iam
2236 2224 2291 2272 in

401 2307 403 2309 ’
466 2304 587 2353 1620
631 2300 884 2350 manibus
919 2306 998 2348 est
1030 2300 1253 2348 victoria
1282 2316 1292 2347 :
1322 2299 1600 2362 Quantum
1637 2315 1736 2360 ego
1761 2305 1812 2347 te
1837 2316 2031 2357 amem,
2063 2299 2292 2361 parietes

629 2378 731 2440 ipsi
756 2376 969 2426 medius
987 2375 1150 2426 fidius
1169 2377 1477 2437 loquantur,
1500 2376 1655 2424 cuius
1679 2392 1808 2425 sane
1833 2376 2149 2425 suavitatem
2170 2376 2290 2424 sitio

630 2451 768 2504 sicut
808 2454 1070 2503 Tantalus
1110 2452 1282 2502 vndas
1323 2453 1452 2502 olim
1495 2453 1642 2515 (nota
1683 2459 1762 2501 est
1803 2451 2005 2511 fabula,
2048 2451 2091 2500 &
2130 2451 2292 2502 habet

629 2531 863 2594 plurima
898 2531 1225 2592 Allegorica)
1249 2529 1293 2577 &
1322 2530 1425 2579 nisi
1460 2530 1703 2592 ineptum
1738 2535 1983 2592 putarem
2020 2528 2074 2578 id
2109 2530 2165 2578 in
2197 2529 2290 2578 tali

628 2607 994 2670 disputatione
1012 2607 1205 2666 facere,
1223 2605 1393 2669 (quod
1411 2624 1537 2656 cum
1556 2605 1622 2655 de
1642 2605 1928 2668 reipublica
1945 2604 2287 2667 disceptetur,

465 2686 582 2737 1625
628 2685 742 2734 fieri
784 2684 1054 2734 interdum
1095 2683 1252 2745 solet)
1294 2684 1523 2733 iurarem
1558 2700 1654 2745 per
1689 2684 1843 2732 Iovem
1876 2684 2063 2744 deosque
2094 2684 2292 2731 Penates

627 2761 812 2811 ardere
838 2778 924 2810 me
949 2760 1128 2810 studio
1154 2759 1476 2818 incredibili,
1498 2760 1576 2809 tui
1594 2759 1912 2822 reperiendi,
1940 2758 1983 2806 &
2008 2776 2069 2808 ea
2093 2759 2289 2809 sentire

626 2855 748 2899 quae
770 2837 895 2887 dico
917 2854 941 2896 ;·
967 2837 1075 2886 Sed
1110 2837 1237 2897 quia
1278 2837 1389 2885 scio
1425 2842 1475 2885 te
1515 2835 1767 2885 delectari
1803 2842 1957 2885 acute
1998 2836 2286 2894 conclusis,

631 2916 706 2964 sic
741 2913 1031 2964 concludo.
1060 2914 1266 2963 Sumne
1290 2929 1390 2974 ego
1431 2913 1631 2961 animal
1666 2912 1964 2961 rationale?
1998 2918 2112 2961 tum
2149 2918 2288 2962 certe

626 2999 677 3041 te
723 3007 865 3050 amo,
908 2997 966 3040 tu
1002 3007 1059 3039 es
1094 3006 1214 3038 mea
1249 2995 1407 3047 meta,
1453 3005 1666 3051 scopus,
1711 2988 1977 3047 foelicitas,
2012 3006 2286 3038 summum

463 3063 583 3119 1‘630
626 3069 834 3118 bonum
858 3067 902 3115 &
925 3066 1160 3127 denique
1185 3065 1309 3114 finis
1333 3066 1574 3114 ultimus.

686 3146 810 3194 Dro.
853 3142 998 3193 Audi
1043 3159 1190 3192 nunc
1230 3159 1404 3204 pauca
1444 3158 1605 3204 super
1644 3141 1759 3190 haec
1799 3142 2148 3200 commentative,
2193 3141 2287 3191 sed

625 3221 956 3271 summatim.
989 3220 1128 3269 Cum
1163 3219 1400 3281 appellat
1435 3219 1525 3267 ille
1559 3225 1610 3267 te
1645 3217 1809 3267 finem
1845 3235 2023 3277 suum,
2050 3218 2285 3280 primum

623 3297 817 3346 fatetur
861 3303 913 3345 te
961 3312 1076 3345 esse
1121 3293 1383 3356 quiddam
1428 3295 1576 3357 prius
1622 3294 1846 3344 honore.
1894 3296 2030 3344 Nam
2059 3294 2182 3358 finis
2225 3299 2291 3343 est
2335 3321 2337 3323 ·

620 3373 914 3442 praestantior
951 3372 1013 3439 zjs
1050 3388 1150 3439 quoe
1185 3375 1296 3421 sunt
1331 3373 1394 3420 ad
1417 3370 1584 3440 finem.
1625 3370 1837 3425 Deinde
1876 3370 2190 3425 testificatur
2229 3388 2285 3424 se
