2444 4140
426 598 546 631 1100

427 962 544 1012 1105

427 1362 548 1395 1110

430 1730 547 1779 1115

431 2131 553 2166 1120

434 2501 551 2550 1125

437 3116 557 3163 1130

593 427 660 481 32
1066 423 1379 478 Pedantius
1405 424 1486 478 A.
1514 434 1585 476 ΙΙ.
1613 425 1705 479 Se.
1734 433 1833 477 IV.

588 587 858 630 terrenum
898 579 1160 640 attingat?
1198 577 1511 628 Absurdum
1556 596 1566 627 :
1609 579 1743 639 quin
1787 579 1967 640 potius
2007 578 2145 627 sicut
2184 594 2248 626 ex

588 657 791 706 bovillo
816 655 1074 704 cadavere
1100 661 1564 717 computrescente
1594 655 1864 717 prodeunt
1897 671 2105 703 vermes
2133 671 2143 703 :
2171 655 2249 704 sic

590 732 860 793 corruptio
898 731 1116 780 Croboli
1151 732 1296 781 illius
1331 732 1528 793 (qualis
1561 732 1736 792 qualis
1770 730 1856 793 sit)
1881 731 2153 793 generatio
2183 731 2250 779 sit

590 808 857 870 Pedantij,
902 809 995 868 qui
1037 807 1218 868 quoad
1262 807 1622 857 humilitatem
1676 808 1842 856 animi
1898 808 2093 856 vermis
2142 806 2248 855 dici

588 891 780 947 potest,
809 891 860 933 et
895 885 1071 942 etiam,
1101 885 1239 933 sicut
1273 885 1380 943 ille,
1409 884 1735 943 sublunaris,
1762 890 1960 943 tamen,
1999 882 2147 945 quod
2181 883 2250 932 ad

589 967 727 1011 artes
751 962 939 1010 attinet
962 962 1357 1023 supercoelestis
1381 967 1477 1009 est.

650 1039 779 1101 Lyd.
810 1038 947 1087 Mihi
971 1037 1285 1088 abeundum
1311 1044 1406 1097 est,
1435 1054 1560 1088 cum
1584 1036 1798 1086 videam
1822 1054 1918 1086 vos
1943 1037 2099 1086 irasci
2122 1042 2252 1086 tant·

592 1131 770 1177 opere.

652 1193 772 1241 Ped.
813 1191 933 1240 Ah!
967 1192 1079 1254 jam
1115 1192 1338 1241 mitesco
1373 1208 1574 1241 rursus.
1616 1191 1732 1240 Nos
1772 1190 2027 1240 cholerici
2067 1191 2109 1238 δε
2145 1192 2250 1241 cito

592 1286 993 1328 succensemus,
1021 1268 1064 1316 &
1098 1269 1204 1318 cito
1239 1269 1536 1330 placamur.
1565 1268 1611 1317 O
1650 1267 1883 1317 Phoenix
1917 1268 2073 1317 vnica
2109 1268 2252 1317 orbis

591 1346 884 1395 terrarum!
919 1347 1142 1408 respice,
1170 1362 1283 1394 non
1317 1345 1533 1408 despice
1570 1344 1916 1404 Pedantium‚
1943 1344 1987 1392 δε
2020 1345 2105 1394 vel
2141 1362 2251 1395 uno

590 1423 815 1472 verbulo
851 1423 1072 1472 amabili
1097 1423 1336 1472 laetitiam
1363 1422 1564 1471 instilla
1587 1421 1911 1471 febricitanti
1935 1421 2085 1471 cordi
2108 1439 2248 1471 meo.

652 1501 781 1563 Lyd.
810 1500 1170 1549 Convalescas
1206 1506 1265 1549 ut
1298 1499 1449 1549 lubet
1476 1516 1486 1548 ε
1523 1516 1609 1548 me
1645 1499 1815 1548 multa
1848 1505 2070 1548 manent
2103 1498 2251 1548 domi

590 1578 823 1638 negotia.
2109 1576 2249 1625 Exit.

653 1655 773 1702 Ped.
803 1654 1040 1702 Evanuit
1062 1653 1219 1702 vero?
1245 1652 1391 1715 Quid
1409 1652 1629 1715 putem?
1649 1653 2105 1714 Contemptumne
2130 1669 2215 1701 me
2236 1653 2254 1700 ?

596 1731 725 1779 Non
765 1729 923 1779 video
964 1731 1047 1779 vel
1090 1731 1145 1779 in
1181 1730 1439 1789 moribus,
1466 1730 1550 1778 vel
1587 1730 1641 1778 in
1676 1729 1836 1779 rebus
1870 1730 2049 1790 gestis,
2076 1730 2161 1778 vel
2197 1729 2254 1778 in

592 1807 694 1856 hac
735 1806 1101 1856 mediocritate
1136 1806 1337 1868 ingenij
1375 1805 1507 1866 quid
1547 1805 1822 1868 despicere
1862 1807 2024 1855 stulta
2062 1806 2249 1868 possit.

596 1885 789 1933 Dicam
814 1883 880 1933 de
899 1890 949 1932 te
971 1883 1068 1944 [63]
1094 1882 1269 1944 Lydia
1288 1882 1367 1944 (ut
1383 1883 1637 1931 Hannibal
1654 1881 1720 1931 de
1738 1882 2037 1943 Phormione)
2057 1884 2253 1932 multas

594 1960 705 2010 vidi
729 1960 1018 2009 delirantes
1039 1959 1307 2018 foeminas,
1336 1965 1389 2008 at
1412 1975 1534 2020 quae
1557 1965 1607 2007 te
1641 1958 1892 2008 deliraret
1927 1960 2115 2020 magis,
2143 1958 2253 2008 vidi

595 2038 887 2087 neminem.

658 2116 780 2163 Dro.
812 2115 930 2162 Imo
965 2119 1016 2162 te
1051 2112 1208 2163 video
1244 2112 1486 2171 delirare,
1525 2113 1618 2173 qui
1653 2113 1732 2161 vis
1766 2112 1907 2161 hanc
1941 2114 2254 2174 gravitatem

594 2198 743 2242 tuam
766 2191 889 2240 ferri
914 2207 1145 2250 sursum,
1174 2207 1268 2240 seu
1293 2190 1488 2239 elevari
1523 2191 1579 2238 in
1614 2190 1884 2238 levitatem
1920 2191 2252 2248 amatoriam,

596 2285 721 2318 cum
761 2274 951 2318 natura
990 2268 1118 2316 velit
1158 2283 1318 2316 omne
1353 2284 1513 2328 grave
1547 2266 1669 2316 ferri
1704 2265 1974 2326 deorsum,
2001 2273 2106 2316 tum
2139 2266 2259 2316 doc-

596 2346 734 2394 trina
760 2351 810 2393 et
833 2361 984 2393 amor
1008 2344 1400 2393 contrariantur
1423 2360 1534 2393 non
1558 2344 1738 2393 minus
1763 2361 1916 2404 quam
1940 2360 2035 2392 ens
2060 2349 2111 2392 et
2144 2360 2256 2392 non

597 2439 710 2471 ens.

658 2500 779 2548 Ped.
810 2497 947 2547 Mihi
970 2514 1096 2547 vero
1128 2498 1205 2546 sic
1240 2513 1458 2546 omnem
1494 2496 1714 2546 abstulit
1737 2513 1887 2545 amor
1911 2497 2171 2555 animum,
2199 2502 2257 2546 ut

598 2576 836 2625 nesciam
861 2592 956 2624 ens
981 2575 1082 2623 sim
1108 2591 1177 2623 an
1201 2590 1312 2623 non
1337 2590 1449 2622 ens.
1478 2573 1713 2633 Sequere
1738 2590 1842 2622 me.

994 2707 1178 2761 Actus
1203 2704 1496 2760 secundm.
1527 2705 1706 2759 Scena

1236 2846 1456 2907 Quarta.

989 2979 1369 3028 TYROPHAGVS.
1399 2977 1703 3026 CRossoLVS.

667 3116 728 3163 T.
754 3115 825 3162 At
849 3111 981 3174 quid
1006 3112 1050 3160 si
1072 3109 1288 3160 fraudes
1312 3109 1408 3158 has
1433 3115 1640 3158 nostras
1666 3110 1926 3158 senserit?

665 3191 803 3239 Crob.
843 3187 989 3252 Quid
1029 3188 1073 3236 si
1112 3188 1403 3247 loquantur
1442 3185 1666 3247 lapides,
1703 3185 1746 3232 ἃ
1786 3185 2003 3234 videant
2040 3186 2259 3248 postes?

606 3267 715 3315 Hic
739 3266 926 3326 quovis
951 3270 1030 3314 est
1063 3263 1304 3313 obtusior
1337 3261 1533 3324 lapide,
1561 3278 1660 3311 nec
1695 3263 1911 3324 majoris
1946 3263 2143 3324 negotij
2174 3269 2259 3323 est

604 3343 765 3392 istum
798 3341 982 3391 fallere
1017 3356 1182 3403 quarn
1214 3337 1369 3389 ferire
1404 3344 1673 3398 truncum,
1715 3344 1773 3390 tu
1807 3355 1893 3389 me
1927 3339 2011 3388 vel
2051 3338 2259 3388 nescire
