2444 4140
360 537 487 589 2320

530 381 601 436 66
992 378 1307 434 Pedantius
1331 380 1412 434 A.
1447 389 1509 434 V.·
1536 380 1628 436 Se.
1650 390 1694 434 Ι.

594 537 695 587 Gil.
742 536 963 585 Vtinam
1008 534 1251 585 adesset!
1299 541 1351 584 te
1396 536 1694 599 castigaret,
1748 542 1840 587 aut
1883 554 1984 600 ego
2029 539 2184 590 illum

527 614 842 674 castigarem
866 612 1052 674 probe.

586 691 718 739 Lud.
760 688 906 738 Tuas
955 704 1082 738 vero
1128 687 1506 751 castigationes
1551 690 1609 739 in
1655 690 2011 741 Ciceronem?
2057 693 2186 743 Non

526 765 797 815 convenit.
1383 764 1387 767 ’

590 842 692 891 Gil.
739 842 1009 904 Relinque
1048 841 1269 891 tandem
1309 842 1409 891 ista
1447 843 1676 905 puerilia
1720 860 1731 893 ε
1773 844 1879 904 abi,
1923 845 2187 910 investiga

358 919 480 970 2325
522 924 910 982 praeceptorem
959 935 970 967 :
1018 935 1118 981 ego
1165 919 1379 968 interim
1423 919 1569 970 intus
1625 937 1750 971 eum
1795 920 1944 971 domi
1998 929 2187 974 vestrae

359 1305 483 1355 2330

360 1688 481 1747 2335

355 2311 480 2373 2340

354 2693 475 2756 2345

353 3077 477 3128 2350

523 995 873 1058 praestolabor
895 1012 1002 1044 vna
1032 1013 1158 1045 cum
1193 996 1287 1045 illo
1322 996 1543 1055 nunci0,
1570 997 1664 1058 qui
1699 1014 1954 1048 nummos
1989 1001 2182 1050 attulit.

584 1074 717 1123 Lud.
748 1073 928 1132 Mane,
956 1088 1158 1134 quaes0,
1187 1089 1254 1122 ne
1287 1072 1471 1135 facias.
1502 1074 1706 1136 Regius
1730 1075 1838 1133 ille,
1866 1092 2030 1137 quem
2054 1076 2182 1138 dixi,

525 1150 759 1200 nuncius
783 1151 924 1199 clam
948 1150 1110 1209 venit,
1133 1166 1234 1200 nec
1252 1151 1368 1201 vult
1386 1167 1417 1199 a
1435 1151 1693 1213 quopiam
1713 1168 1769 1201 se
1788 1154 2149 1216 conspicarier
2170 1172 2181 1204 :
2238 1212 2240 1214 v

525 1227 570 1276 si
607 1227 786 1289 placet
828 1227 1026 1288 itaque,
1068 1233 1127 1277 tu
1167 1227 1281 1290 ipse
1326 1227 1613 1288 quaesitum
1651 1228 1800 1279 hunc
1838 1229 2000 1280 abeas
2036 1247 2046 1280 :
2084 1248 2185 1294 ego

526 1303 769 1353 defessus
793 1305 1069 1365 quiescam
1094 1304 1313 1354 interea.

591 1381 693 1430 Gil.
734 1380 909 1430 Video
943 1381 1055 1443 jam
1095 1381 1202 1430 alio
1241 1380 1581 1432 redeundum
1621 1399 1737 1433 esse
1775 1389 2034 1447 tempore.
2078 1385 2186 1435 Sed

525 1475 637 1508 non
661 1459 896 1508 inultum
921 1457 1025 1507 hoc
1049 1458 1268 1508 auferet.
1299 1459 1481 1508 Litera
1503 1459 1699 1523 scripta
1729 1467 1929 1510 manet.
1965 1461 2184 1512 Faciam

526 1541 585 1585 ut
607 1534 768 1598 hujus
791 1535 990 1585 laboris
1014 1536 1121 1585 mei
1143 1535 1455 1597 fraudisque
1480 1552 1592 1586 suae
1613 1537 1871 1600 poeniteat
1894 1555 2037 1588 eum.

587 1613 718 1661 Lud.
764 1612 929 1662 Nunc
966 1618 1256 1675 postquam
1296 1612 1385 1663 hic
1424 1613 1630 1675 abierit,
1672 1613 1805 1676 quid
1844 1632 1956 1665 non
2001 1615 2044 1664 &
2084 1633 2184 1680 ego

526 1689 661 1741 abeo
682 1690 701 1738 ?
725 1689 854 1752 [133]

928 1821 1113 1877 Actus
1141 1822 1404 1894 Quinta&
1434 1823 1612 1877 Scena

1172 1943 1376 2013 Prima.

963 2098 1298 2146 PEDANnvs.
1329 2097 1565 2146 BLETVS.

584 2233 649 2281 P.
676 2231 800 2290 Vbi,
835 2230 929 2281 ubi
965 2230 1054 2279 ille
1090 2230 1348 2279 scelestus
1382 2234 1461 2278 est
1494 2229 1588 2291 qui
1626 2246 1712 2279 me
1744 2228 1950 2292 fugavit
1983 2230 2186 2282 modo?

527 2310 706 2359 Nemo
749 2308 925 2357 virum
971 2323 1058 2356 me
1102 2306 1346 2356 timuisse
1392 2323 1517 2355 eum
1561 2312 1731 2369 putet.
1782 2307 1931 2370 Quin
1974 2308 2182 2358 utinam

521 2386 736 2436 daretur
753 2385 866 2447 jam
890 2401 1074 2433 rursus
1098 2383 1249 2442 mihi,
1277 2400 1442 2444 quam
1478 2399 1578 2445 ego
1611 2383 1765 2433 illum
1801 2390 2107 2440 constanter
2140 2385 2183 2433 &

520 2463 697 2513 sobrie
722 2461 1027 2511 refutarem.
1056 2459 1164 2509 Sed
1197 2460 1599 2523 praetermittam
1635 2476 1698 2509 ea
1732 2461 1931 2520 omnia,
1959 2477 2081 2522 quae
2115 2461 2182 2511 de

520 2540 615 2590 illo
658 2539 817 2588 flocci
860 2536 1100 2587 vendulo
1144 2536 1303 2586 flocci
1346 2535 1597 2586 faciendo
1632 2542 1878 2586 exactore
1918 2538 2181 2600 pannario

520 2616 627 2666 dici
650 2621 873 2679 possent
900 2631 910 2663 :
938 2615 1076 2664 alius
1101 2614 1199 2663 erit
1222 2612 1474 2663 narrandi
1499 2614 1669 2663 locus.
1696 2612 1915 2664 Accedo
1944 2613 2013 2663 ad
2046 2631 2178 2664 rem.

520 2693 605 2743 Tu
634 2693 785 2742 Blete
810 2691 918 2752 (cui
938 2691 1112 2740 inesse
1131 2689 1292 2740 debet
1314 2689 1358 2738 δε
1382 2689 1518 2739 fides
1537 2689 1581 2738 δε
1597 2689 1901 2753 prudentia,
1924 2707 2048 2740 cum
2067 2691 2180 2753 jam

520 2769 753 2820 adultior
776 2767 901 2830 sies)
926 2785 1070 2830 agas,
1098 2784 1220 2829 quae
1243 2766 1453 2830 agenda
1475 2767 1723 2830 praecepi,
1751 2766 1999 2816 fideliter.

579 2847 687 2896 Ble.
716 2846 773 2895 Si
798 2850 1103 2907 suspectam
1127 2843 1296 2893 habes
1320 2843 1657 2893 honestatem
1683 2860 1878 2903 meam,
1906 2842 2047 2893 habe
2070 2844 2179 2894 tibe

520 2940 703 2973 rursus
728 2938 983 2973 nummos
1006 2927 1145 2980 tuos,
1174 2921 1311 2969 scias
1335 2937 1422 2969 me
1447 2936 1511 2969 ex
1535 2937 1597 2969 ea
1620 2920 1800 2983 stirpe,
1827 2919 1871 2968 &
1895 2921 1960 2970 iis
1991 2921 2179 2984 major-

519 3000 641 3049 ibus
675 3004 1000 3062 prognatum
1036 3014 1166 3056 esse,
1197 3013 1428 3058 quorum
1464 3013 1626 3046 nemo
1661 3013 1903 3058 unquam
1939 3003 2179 3060 repertus

519 3077 682 3126 fallax
706 3082 800 3125 est.
1631 3124 1653 3136 ι

582 3154 703 3202 Ped.
729 3151 868 3202 Vide
903 3151 1035 3212 quid
1070 3151 1137 3200 sit
1170 3167 1285 3200 esse
1319 3150 1598 3201 rusticum.
1626 3151 1745 3213 Ego
1772 3151 2177 3214 Orator'parum

518 3228 827 3289 vehemenS‚
845 3228 1029 3283 -dulcis
1055 3227 1184 3291 [134]
1214 3232 1413 3286 tamen,
1442 3227 1589 3278 volui
1612 3233 1663 3277 te
1688 3233 1990 3281 currentem
2024 3228 2176 3280 incit-
