2444 4140
521 397 589 454 38
915 389 1229 453 Pedantius
1253 397 1305 451 A
1323 439 1335 451 .
1364 406 1467 451 ΙΙΙ.
1490 398 1582 453 Se.
1612 400 1716 452 III.

581 555 699 617 Tyr.
722 553 1001 614 Collegam
1026 551 1294 601 mehercle
1312 551 1565 612 facetum,
1583 552 1795 615 gaudeo
1814 517 2068 603 incidisSe
2087 571 2173 603 me

516 631 571 680 in
594 630 873 679 hominem
907 635 1017 677 tam
1053 628 1358 689 urbanum;
1398 630 1548 679 Num
1583 629 1652 680 ad
1687 630 1878 680 urbem
1913 630 2177 680 obsecro?

515 723 615 769 ego
639 713 818 755 tecum
842 722 965 754 vna.

575 785 697 845 Pog.
722 784 842 831 Imo
866 782 999 831 mihi
1023 782 1080 831 in
1098 783 1425 844 longmquas
1448 784 1695 845 regiones
1718 783 2173 846 peregrinandum

351 861 469 910 1315
514 866 608 918 est,
637 876 802 919 quare
826 859 930 908 hoc
954 876 985 908 a
1007 865 1059 908 te
1082 860 1208 908 volo
1232 859 1508 909 viaticum.

578 937 696 999 Tyr.
718 936 1058 997 Vtinam-ego
1082 935 1179 985 tibi
1205 935 1337 997 quid
1362 936 1500 986 bene
1523 936 1696 986 facere
1721 954 1955 999 possem,
1976 936 2174 987 videris

511 1013 677 1062 homo
711 1012 1061 1075 perJucundae
1096 1012 1540 1072 consuetudinis;
1578 1013 1673 1063 sed
1713 1031 1808 1064 cur
1851 1020 1909 1063 tu
1944 1015 2172 1076 patriam

512 1089 712 1139 deseris
733 1090 751 1138 ?
774 1096 924 1139 muta
948 1090 1104 1138 istam
1130 1096 1386 1149 mentem,
1414 1089 1457 1138 &
1482 1107 1697 1140 mecum
1721 1090 1790 1139 ad
1814 1091 1994 1140 aulam
2029 1091 2173 1153 prin-

511 1167 646 1229 cipis
669 1173 947 1226 revertere,
971 1166 1045 1215 ibi
1070 1183 1171 1228 ego
1194 1173 1246 1216 te
1264 1166 1308 1214 &
1326 1166 1624 1217 honoribus
1643 1167 1686 1215 &
1703 1168 1937 1230 praemijs
1961 1167 2173 1229 augebo

349 1245 469 1294 1320
512 1240 763 1293 maxime.

574 1321 696 1383 Pog.
725 1320 810 1370 Tu
849 1319 1055 1370 fontem
1094 1319 1347 1370 videlieet
1385 1321 1553 1370 habes
1594 1320 1691 1384 [75]
1734 1320 1899 1379 domi,
1943 1337 2055 1370 non
2095 1326 2174 1369 est

513 1398 692 1458 itaque
727 1414 823 1447 cur
857 1397 987 1446 mihi
1023 1398 1226 1447 rivulos
1261 1398 1391 1447 istos
1425 1397 1660 1460 deneges
1688 1415 1698 1446 :
1735 1414 1850 1459 age,
1878 1397 2004 1446 dato
2039 1413 2173 1446 mar-

512 1475 749 1536 supium.

576 1552 695 1613 Tyr.
735 1551 889 1600 Certe
928 1549 1305 1601 festivissimus
1352 1568 1426 1611 es,
1463 1551 1536 1600 ita
1575 1552 1799 1601 simulas
1839 1545 1994 1612 quasi
2034 1550 2172 1600 serio

346 1627 465 1678 1325
510 1644 713 1690 ageres.

572 1704 930 1767 Pog.Expedi,
944 1705 1185 1766 inquam,
1200 1706 1244 1754 si
1259 1705 1403 1767 sapis
1417 1722 1427 1754 τ
1441 1705 1574 1754 mihi
1589 1706 1733 1754 enim
1748 1704 2061 1754 abeundum
2074 1710 2169 1753 est.

577 1783 695 1845 Tyr.
734 1781 985 1831 Profecto
1021 1783 1064 1831 si
1098 1781 1183 1831 fur
1217 1799 1361 1831 esses
1395 1799 1595 1841 revera,
1633 1799 1744 1832 non
1779 1799 1962 1844 posses
1996 1783 2173 1845 aptius

511 1859 805 1920 quicquam
831 1875 1005 1920 agere.

571 1937 694 1998 Pog.
727 1937 961 1985 Acturus
997 1953 1135 1994 sum,
1173 1936 1251 1985 uti
1292 1952 1465 1998 spero,
1503 1936 1777 1998 aptissime
1817 1952 1827 1984 ε
1865 1952 2029 1997 quare
2069 1936 2169 1984 nisi
2209 1972 2216 1981 .

346 2014 467 2061 1330
510 2013 754 2075 apposite
793 2012 1121 2075 respondeas
1162 2012 1295 2061 mihi
1336 2012 1485 2073 quod
1525 2029 1674 2074 rogo,
1713 2029 1813 2074 ego
1848 2012 2170 2062 machaeram

510 2090 666 2138 istam
690 2089 888 2152 aptabo
913 2090 1084 2138 ventri
1108 2095 1202 2138 tuo
1228 2090 1375 2138 velut
1397 2090 1624 2151 vaginae,
1652 2088 1816 2150 idque
1842 2090 2034 2138 statim.

574 2167 692 2229 Tyr.
721 2167 839 2228 Ego
865 2167 1078 2215 satelles
1103 2183 1224 2216 sum
1249 2167 1428 2227 regius
1451 2183 1462 2226 3
1488 2166 1611 2215 vide
1631 2165 1763 2227 quid
1786 2165 1970 2216 facias.

569 2245 693 2306 Pog.
723 2244 842 2305 Ego
870 2244 987 2292 Rex
1010 2244 1124 2305 ipse
1149 2260 1288 2301 sum,
1315 2242 1400 2292 fac
1424 2243 1572 2304 quod
1591 2243 1775 2306 jubeo.

574 2321 693 2383 Tyr.
719 2321 956 2369 Vnicum
981 2320 1086 2369 hoc
1114 2320 1341 2369 verbum
1374 2327 1555 2382 patere
1590 2337 1677 2369 me
1710 2320 1982 2381 proloqui,
2010 2320 2170 2381 (Pati-

347 2398 466 2446 1335
511 2397 711 2458 bulum.)
734 2399 850 2446 Iam
871 2396 1184 2456 abstinebis,
1208 2397 1417 2459 opinor.

570 2475 693 2536 Pog.
733 2474 803 2522 Et
838 2490 937 2535 ego
972 2490 1080 2522 vno
1119 2474 1358 2522 vicissim
1393 2479 1511 2523 utar
1544 2474 1726 2533 verbo,
1755 2473 2023 2534 (Gladius.)
2051 2474 2167 2521 Iam

508 2550 701 2600 reddes
725 2550 874 2612 quod
897 2551 1126 2611 requiro,
1154 2550 1372 2600 annon?

574 2630 692 2691 Tyr.
729 2630 801 2677 At
834 2628 961 2676 satis
990 2627 1102 2689 jam
1132 2628 1343 2689 jocatus
1384 2644 1457 2687 es,
1483 2626 1890 2690 perterrefecisti
1929 2625 2169 2688 profecto

508 2722 613 2755 me.
644 2706 842 2768 Quaeso
867 2705 1056 2765 quanti
1082 2704 1180 2767 [76]
1205 2704 1353 2754 hunc
1388 2705 1564 2754 emisti
1599 2703 1859 2766 gladium,
1887 2720 2019 2752 num
2044 2703 2169 2751 licet

345 2783 464 2843 1340
507 2782 785 2844 spectare?

568 2860 691 2921 Pog.
714 2860 846 2920 Age,
875 2859 952 2908 sic
975 2874 1159 2920 urgeo,
1185 2856 1476 2920 Responde
1500 2857 1745 2915 breviter,
1768 2855 2061 2905 daturusne
2080 2855 2172 2904 es?

575 2937 692 2998 Tyr.
722 2936 1100 2984 Gratissimum
1127 2934 1284 2983 nobis
1308 2933 1513 2993 feceris,
1542 2934 1585 2982 si
1610 2934 1724 2995 agis
1748 2934 1851 2981 alia
1875 2933 2098 2981 ratione.

568 3014 691 3074 Pog.
722 3012 831 3061 Hic
871 3011 1036 3060 homo
1077 3027 1250 3072 nugas
1289 3011 1471 3069 nectit,
1508 3011 1580 3058 sis
1620 3011 1802 3058 animo
1841 3009 1981 3067 forti,
2027 3010 2167 3070 Pog-

506 3089 695 3149 gloste,
723 3089 767 3136 &
791 3089 873 3137 vel
899 3086 1175 3137 homicida
1199 3087 1288 3146 siS‚
1317 3086 1481 3136 modo
1506 3085 1890 3136 crumenicida.

344 3164 463 3225 1345
574 3166 691 3227 Tyr.
717 3166 976 3214 Miserum
1001 3181 1087 3214 me
1110 3164 1120 3211 Ι
1149 3162 1280 3224 quid
1304 3162 1628 3224 audio?quo
1652 3162 1891 3224 fugiam?
1916 3162 2165 3220 Crobole,
2235 3190 2237 3193 v

509 3241 736 3291 Crobole.
