2444 4140
353 139 451 196 152

511 299 675 341 tanturn
696 294 771 340 tibi
790 294 909 339 debeo
930 297 1137 350 quantum
1158 294 1367 340 hominem
1387 294 1550 341 homini
1569 294 1715 341 debere
1734 297 1896 353 vixfas
1916 301 1990 343 est.

513 365 617 410 Cic.
640 365 699 410 ad
716 365 848 423 Quir.
876 380 923 418 17
950 376 959 406 ε
984 364 1099 408 huic
1123 378 1216 421 ego
1233 364 1437 419 homini,
1458 364 1692 424 Quirite3‚
1711 371 1903 411 tantum
1919 366 2080 412 debeo
2098 373 2338 424 quantum

566 435 818 479 hominem
839 433 1029 478 homini
1051 432 1236 479 debere
1256 437 1339 478 uix
1359 433 1434 480 fas
1458 440 1547 480 est.

349 509 494 546 2706
523 506 771 548 Necessitas
790 518 876 548 non
896 503 1020 548 habet
1037 504 1183 558 legem.

512 572 760 618 Publilius
785 571 957 629 Syrus,
982 574 1099 618 Sent.
1128 588 1136 617 :
1163 573 1457 618 Necessitas
1481 573 1566 619 dat
1584 573 1764 630 legem,
1790 590 1892 621 non
1913 579 2024 631 ipsa
2047 580 2244 632 accipit.

508 643 755 688 Necessitas
789 657 874 687 non
909 642 1032 687 habet
1064 643 1195 697 legem
1223 656 1402 687 occurs
1433 646 1484 688 in
1517 644 1822 700 Langland's
1858 647 1991 691 Piers
2024 647 2265 700 Plowmam
2298 646 2340 694 C

563 717 678 761 text,
698 712 835 757 XIV.
859 720 927 769 46.
947 712 987 756 &
1002 727 1028 752 <c
1048 712 1194 757 Need
1211 712 1332 757 hath
1349 727 1415 758 no
1435 714 1561 758 Law
1577 728 1603 753 >³
1620 717 1671 757 in
1686 714 1874 759 XXIII.
1899 731 1963 760 10.
1983 714 2139 761 Skeat
2160 722 2338 772 quotes

567 781 789 831 Skelton,
822 781 948 827 Colin
977 782 1105 828 Clout
1124 789 1218 838 864,
1245 786 1322 826 865
1350 795 1358 824 :
1394 783 1491 827 But
1521 786 1558 828 it
1587 787 1629 827 is
1662 798 1726 827 an
1757 783 1871 828 olde
1904 784 2030 841 sayd
2052 799 2189 830 sawe
2210 785 2340 831 That

564 850 694 896 nede
715 851 837 896 hath
857 865 923 897 no
945 851 1092 897 lawe.
1116 850 1224 896 The
1248 852 1398 897 Latin
1419 851 1634 908 proverb
1657 856 1698 897 is
1722 853 1830 898 also
1852 852 2006 899 found
2026 857 2078 898 in
2095 855 2152 900 F.
2173 855 2338 901 Belo’s

564 921 629 966 El
644 922 852 966 Pedante.

349 997 492 1032 2709
523 991 641 1036 salus
660 993 756 1047 ipsa
777 994 864 1036 te...
889 994 1041 1037 seruet.

511 1060 603 1116 Cp.
626 1060 741 1107 Ter.
764 1062 856 1106 Ad.
882 1061 969 1106 IV.
993 1078 1033 1116 7.
1059 1067 1110 1119 43
1136 1074 1145 1104 τ
1169 1065 1296 1118 ipsa,
1322 1065 1363 1106 si
1386 1065 1570 1118 cupiat,
1604 1061 1754 1109 Salus
1786 1076 1989 1109 seruare
2013 1077 2218 1119 prorsus
2238 1077 2341 1110 non

566 1137 733 1187 potest
752 1131 884 1176 hanc
904 1130 1160 1176 familiam.

345 1206 492 1242 2713
525 1202 614 1259 Qui
633 1216 717 1246 non
738 1204 799 1247 est
817 1201 951 1256 hodie,
976 1215 1074 1247 cras
1094 1204 1238 1246 minus
1257 1204 1382 1257 aptus
1402 1204 1497 1248 erit.

512 1270 604 1316 Ov.
628 1272 753 1316 Rem.
779 1273 885 1316 Am.
908 1289 978 1328 94.

512 1341 602 1396 Cp.
628 1341 872 1396 Marston‚
895 1342 1086 1396 Scourge
1116 1340 1166 1397 of
1185 1341 1378 1398 Villainy
1410 1341 1498 1385 IV.
1531 1347 1584 1394 93
1617 1356 1627 1386 ε
1663 1340 1710 1385 If
1734 1346 1821 1386 not
1852 1340 2004 1398 today
2033 1341 2207 1397 (quoth
2236 1341 2342 1386 that

568 1410 849 1462 Nasonian)
875 1411 1029 1455 Much
1050 1411 1151 1455 less
1174 1416 1460 1455 tomorrow.

345 1487 494 1522 2718
525 1481 761 1526 brutalibus
782 1483 876 1524 istis
896 1483 1048 1524 atomis
1066 1480 1252 1536 plebez'jS.
1277 1479 1369 1537 Cp.
1394 1488 1503 1534 2296
1519 1496 1563 1524 n.

345 1556 487 1593 2723
519 1554 710 1596 virtus...
733 1554 795 1596 est
812 1551 1080 1595 mediocritas
1101 1553 1212 1595 inter
1232 1550 1312 1595 duo
1333 1553 1537 1595 extrema.

509 1622 660 1665 Arist.
684 1622 790 1665 Nic.
813 1620 921 1665 Eth.
950 1620 1016 1665 II.
1043 1625 1081 1664 5.
1111 1627 1158 1664 13
1184 1635 1193 1665 ε
1222 1621 1414 1684 μεσότης
1439 1638 1508 1674 τις
1538 1619 1623 1686 ἄρα
1650 1621 1761 1668 §mlv
1790 1624 1818 1678 ἡ
1846 1622 2000 1686 ἀρετή,

344 1695 487 1732 2725
519 1694 702 1735 virtuose
722 1709 776 1725 =
796 1689 1091 1747 virtuously.

511 1761 564 1805 S.
587 1761 762 1805 Thom.
787 1761 883 1815 Aq.
906 1762 1031 1805 Sum.
1061 1760 1144 1805 Th.
1171 1775 1186 1805 .·
1210 1764 1287 1805 est
1308 1763 1441 1805 enim
1461 1758 1624 1805 bonus
1648 1765 1696 1805 et
1716 1763 1967 1805 virtuosus
1986 1764 2071 1816 qui
2091 1759 2276 1817 gaudet
2291 1764 2342 1805 in

569 1829 806 1885 operibus
829 1833 1078 1875 virtutum.

347 1906 491 1942 2729
521 1900 826 1956 Anaphoram.
849 1899 956 1944 The
987 1902 1257 1956 repetition
1287 1898 1341 1944 of
1367 1899 1449 1943 the
1483 1914 1621 1944 same
1652 1899 1794 1944 word
1824 1904 1875 1944 at
1895 1899 1979 1944 the
2002 1899 2274 1956 beginning
2294 1899 2348 1945 of

569 1971 764 2013 several
783 1975 1048 2019 sentences
1066 1984 1122 2014 or
1139 1969 1353 2014 clauses.
1379 1969 1604 2026 Harvey‚
1623 1970 1933 2015 Ciceronianus
1949 1985 1998 2026 p.
2019 1975 2084 2024 50,
2104 1984 2221 2027 says
2238 1970 2345 2014 that

568 2041 802 2096 ordinary
824 2040 1066 2084 lecturers
1089 2054 1154 2083 on
1176 2038 1354 2085 Cicero
1372 2053 1507 2084 were
1524 2044 1727 2084 content
1744 2044 1794 2083 to
1813 2040 2023 2084 exclaim
2040 2053 2160 2084 over
2178 2043 2343 2095 points

566 2110 620 2154 of
637 2110 764 2167 style
788 2109 887 2154 and
912 2114 963 2154 to
994 2109 1256 2153 introduce
1289 2123 1426 2153 some
1459 2108 1627 2155 Greek
1658 2109 1826 2154 words
1849 2109 1974 2154 such
1996 2123 2051 2154 as
2091 2111 2332 2176 ἄνάφοραν,

571 2180 927 2246 παρανομασίαν,
962 2181 1232 2246 μετάφοραν,
1265 2178 1555 2245 ἀλληγορίαν,
1586 2178 1782 2244 αἴνιγμα.

349 2269 493 2305 2734
525 2263 925 2319 Cognoscibz'lz'tatis.

513 2333 563 2379 S.
588 2333 765 2378 Thom.
800 2333 896 2387 Aq.
929 2333 1109 2377 Summa
1141 2332 1264 2376 Cont.
1299 2331 1425 2377 Gent.
1460 2332 1497 2376 I.
1532 2348 1581 2387 71
1619 2347 1628 2376 ε
1662 2331 2071 2389 unumquodque,
2105 2337 2345 2388 quantum

569 2403 720 2448 habet
743 2403 803 2447 de
828 2417 958 2458 esse,
976 2407 1169 2446 tantum
1189 2400 1343 2447 habet
1363 2402 1424 2447 de
1447 2401 1897 2458 cognoscibilitate.

349 2478 498 2514 2738
529 2489 584 2517 an
607 2474 695 2518 ulla
715 2476 772 2517 sI't
776 2472 965 2529 fortuna
986 2475 1172 2516 omnino.

513 2543 752 2599 Scaliger,
779 2543 827 2586 de
848 2542 970 2587 Subt.
995 2541 1353 2587 CLXXXVIII
1381 2554 1390 2583 z
1416 2542 1758 2598 Philosophus
1781 2540 1871 2597 [sc.
1895 2541 2266 2597 Aristoteles]...
2292 2544 2344 2587 in

567 2613 664 2657 fine
688 2616 885 2669 septimi
919 2612 1330 2657 Eudemiorum...
1364 2611 1563 2657 docet...
1596 2612 1906 2657 voluntatem
1935 2617 2158 2657 nostram
2187 2615 2344 2656 neuti-

568 2698 718 2739 quam
741 2697 853 2727 esse
882 2682 1113 2727 Fortunae
1135 2682 1507 2738 pedissequam.
1534 2682 1808 2727 Fortunam
1830 2685 1962 2726 enim
1982 2681 2108 2726 nihil
2129 2695 2258 2726 esse.

516 2754 773 2806 Boethius,
811 2753 859 2796 de
895 2752 1024 2796 Cons.
1063 2752 1124 2795 V.
1167 2769 1183 2796 1
1231 2767 1241 2796 :
1284 2750 1544 2806 Siquidem
1583 2751 1766 2807 aliquis
1807 2757 2042 2796 eventum
2080 2754 2344 2796 temerario

566 2828 756 2867 motu...
781 2836 956 2866 casum
979 2835 1092 2866 esse
1114 2821 1333 2875 definiat,
1358 2822 1485 2865 nihil
1506 2825 1710 2866 omnino
1735 2835 1909 2866 casum
1930 2836 2043 2866 esse
2066 2820 2306 2866 confirmo
2330 2835 2340 2866 ε

569 2895 679 2946 quis
712 2894 860 2945 enim,
886 2896 1149 2935 coercente
1180 2894 1231 2934 in
1263 2889 1488 2935 ordinem
1520 2896 1701 2936 cuncta
1732 2891 1859 2946 Deo,
1892 2891 2035 2936 locus
2068 2904 2180 2936 esse
2210 2890 2343 2934 ullus
2421 2905 2429 2937 ..’

568 2964 834 3005 temeritati
856 2959 1076 3015 reliquus
1101 2964 1298 3015 potest?

517 3032 713 3084 Donne,
745 3032 804 3075 To
825 3032 903 3073 Sir
924 3032 991 3074 H.
1025 3031 1085 3073 W
1086 3032 1197 3075 otton
1218 3029 1250 3073 l.
1275 3036 1327 3086 34
1350 3045 1360 3074 :
1386 3029 1428 3074 F
1432 3034 1609 3074 ortune
1630 3054 1685 3060 —
1705 3029 1746 3075 if
1759 3030 1900 3075 there
1922 3028 1985 3075 be
2008 3013 2132 3075 such
2155 3044 2184 3074 a
2204 3029 2344 3084 thing

570 3115 625 3144 as
650 3100 754 3144 she.

352 3174 659 3210 2767-2775
693 3170 813 3227 Quid
831 3169 946 3213 rides
967 3171 1025 3213 ita
1046 3170 1328 3213 Democritice
1345 3168 1416 3213 Ρ...
1441 3169 1564 3225 Quid
1579 3168 1725 3224 ploras
1746 3170 1801 3213 H
1802 3167 2047 3213 eraclitice?

519 3239 741 3295 Harvey‚
755 3240 884 3283 Grat.
905 3238 1032 3283 Vald.
1053 3238 1145 3292 ΙΙΙ,
1162 3238 1252 3282 has
1271 3252 1376 3282 an«
1395 3238 1718 3294 Epigramma
1733 3241 1784 3282 in
1802 3238 2014 3293 effigiem
2032 3237 2344 3282 Democriti»

572 3307 844 3363 beginning
864 3322 889 3346 <c
907 3306 1008 3352 Cur
1028 3311 1112 3361 ita,
1137 3321 1224 3351 cur
1246 3321 1444 3362 semper
1465 3308 1750 3352 Democrite
1774 3307 1986 3351 candide
2007 3307 2140 3352 rides
2159 3310 2215 3351 Ρ»
2246 3305 2345 3350 and
2414 3318 2442 3369 J.

575 3390 670 3421 one
693 3393 716 3415 «
735 3381 784 3420 in
807 3377 1017 3434 effigiem
1041 3376 1329 3421 Heracliti»
1357 3375 1629 3432 beginning
1659 3376 1854 3422 «Salue
1889 3376 2147 3421 Heraclite
2181 3390 2190 3420 :
2225 3373 2344 3431 quid

573 3454 646 3489 est
669 3451 682 3489 ?
703 3447 987 3503 lachrymas
1010 3459 1097 3490 cur
1117 3444 1298 3499 fundis,
1324 3449 1483 3490 amice
1498 3449 1549 3490 Ρ»

352 3519 494 3554 2767
528 3518 773 3559 nimietates.

520 3585 576 3627 In
600 3584 890 3630 Frischlin's
912 3586 1174 3629 Priscianus
1195 3585 1404 3641 vapulans
1426 3586 1538 3628 Act.
1563 3585 1628 3629 ΙΙ.
1655 3597 1724 3629 sc·
1751 3600 1791 3629 2·
1824 3598 2006 3640 among
2038 3598 2066 3628 a
2088 3583 2170 3629 list
2192 3582 2245 3628 of
2262 3582 2343 3627 the
2398 3581 2434 3655 32⁵

577 3653 910 3698 schoolmen’s
931 3668 957 3693 (ε
975 3653 1288 3699 substantiva
1309 3652 1524 3698 barbara
1540 3667 1566 3692 >³
1588 3657 1630 3698 is
1652 3668 1678 3693 <c
1695 3657 1924 3698 nimietas
1942 3667 1983 3696 >›.

358 3726 501 3765 2771
538 3722 578 3767 O
599 3723 882 3780 AEsculapi...
905 3725 1023 3768 visus
1042 3737 1084 3768 es
1105 3723 1255 3779 dicere,
1278 3722 1370 3768 Abi
1389 3725 1467 3768 cito
1489 3723 1542 3768 (g,
1560 3722 1766 3779 suspende
1785 3724 1836 3768 te.
