2444 4140
579 458 649 510 30
1035 450 1347 505 Pedantz'us
1372 451 1452 505 Α.
1482 461 1554 505 ΙΙ.
1579 446 1671 500 Sc.
1701 461 1805 504 ΙΙΙ.

573 610 696 671 mej,
735 623 1030 668 cognoscas
1070 606 1204 654 nihil
1247 623 1371 655 eum
1411 624 1441 655 a
1479 613 1530 655 te
1564 613 1760 669 petere,
1803 607 1883 655 vel
1919 611 2104 654 contra
2144 605 2230 662 vel

572 692 760 748 praeter
805 684 1141 732 honestatem
1186 699 1196 730 ε
1240 682 1387 743 quod
1433 684 1508 732 sic
1554 684 1792 745 arguitur
1838 700 1902 732 ex
1947 682 2231 731 sufficienti

573 761 836 810 divisione
876 777 886 807 :
925 759 1010 808 Tu
1050 759 1251 820 duplex
1286 777 1358 818 es,
1397 758 1440 806 &
1475 766 1688 808 constas
1734 776 1798 808 ex
1833 759 2045 808 duabus
2078 758 2231 821 parti-

410 840 530 888 1030
574 838 692 896 bus,
721 853 943 898 corpore
968 836 1011 883 &
1046 837 1243 894 anima,
1272 853 1334 884 ac
1369 852 1565 897 corpus
1600 835 1821 896 quidem
1846 835 2014 897 (quod
2048 836 2231 896 negari

572 930 684 962 non
717 912 930 975 potest),
959 919 1037 962 est
1071 912 1538 962 amabilissimum.
1567 913 1734 974 (Nam
1768 911 1883 962 haec
1919 911 2230 974 superficies

571 991 789 1039 dealbata
818 989 1068 1039 candoris
1102 990 1181 1038 tui
1225 988 1382 1038 valde
1434 988 1704 1051 disgregat
1743 989 1918 1038 visum
1964 988 2229 1049 nostrum)

571 1066 665 1115 sed
690 1073 871 1116 tamen
896 1068 1133 1115 animam
1160 1067 1302 1128 (quae
1326 1072 1405 1115 est
1427 1083 1550 1128 pars
1585 1064 2004 1128 simplicissima)
2030 1066 2230 1127 simpli-

572 1145 702 1193 citer
741 1143 784 1191 ἃ
817 1148 1005 1206 proptcr
1042 1161 1085 1192 se
1124 1150 1285 1203 amat,
1329 1160 1525 1206 corpus
1563 1160 1659 1205 per
1698 1143 1916 1202 accidem,
1955 1142 1998 1191 δὲ
2038 1144 2232 1192 animae

410 1220 527 1269 1035
572 1221 757 1282 gratia.

634 1299 754 1346 Ped.
793 1298 991 1346 Anima
1024 1303 1116 1347 tua
1152 1314 1340 1346 omnes
1375 1298 1620 1346 omnium
1656 1314 1865 1346 amores
1900 1298 1957 1346 in
1996 1314 2051 1346 se
2087 1315 2230 1348 com-

572 1374 838 1435 plectitur,
861 1391 957 1436 pro
977 1391 1085 1435 qua
1105 1374 1273 1423 emori
1292 1391 1454 1422 nemo
1474 1391 1717 1434 unquam
1742 1373 1919 1423 bonus
1944 1373 2229 1424 dubitabit.

633 1452 761 1513 Lyd.
791 1452 1074 1500 Praestaret
1097 1450 1322 1500 domum
1347 1451 1538 1502 reverti
1572 1467 1676 1510 me,
1705 1467 1868 1512 quam
1904 1450 1992 1499 hic
2027 1450 2232 1501 irrideri

571 1527 793 1590 facetijs.

408 1621 533 1667 1040
637 1606 757 1654 Ped.
789 1605 1047 1654 Facetum
1068 1622 1182 1654 esse
1203 1622 1289 1653 me
1308 1621 1420 1654 non
1439 1622 1502 1654 eo
1522 1604 1746 1664 inficiaS,
1769 1604 1863 1654 sed
1882 1622 2029 1654 nunc
2052 1611 2234 1654 tamen

570 1687 859 1744 postquam
899 1684 1067 1730 Amor
1111 1681 1199 1730 hic
1245 1682 1406 1730 ariete
1452 1698 1550 1730 suo
1597 1699 1811 1731 murum
1859 1683 2054 1731 mentis
2099 1699 2233 1732 meae

570 1759 908 1821 percusserit,
937 1759 1111 1820 agitur
1145 1759 1282 1807 serio
1309 1759 1670 1821 (serenissima
1697 1758 1910 1820 Lydia).
1937 1760 2034 1808 Vis
2057 1766 2113 1808 vt
2135 1759 2232 1809 tibi

571 1835 878 1896 lachrymis,
906 1835 949 1882 &
973 1836 1213 1897 singultu
1245 1836 1619 1884 convulsiones
1655 1852 1801 1885 meas
1836 1835 2124 1885 testificer?
2146 1836 2234 1886 Ah

572 1913 722 1974 virgo
741 1912 981 1961 venefica
1000 1912 1042 1959 δε
1061 1912 1380 1961 incantatrix
1399 1913 1566 1961 animi
1586 1913 1688 1974 mej
1709 1912 1718 1960 1
1742 1911 2024 1972 distrahor,
2047 1913 2231 1962 divell-

410 1988 527 2051 1045
574 2005 649 2048 or,
685 1988 738 2037 id
775 1995 869 2048 est,
906 1989 957 2037 in
990 1991 1108 2037 duas
1141 1990 1282 2037 vellor
1310 1993 1479 2051 parteS,
1521 1989 1618 2051 [59]
1655 2006 1884 2050 quarum
1920 2007 2025 2038 vna
2060 1995 2138 2038 est
2178 1990 2233 2039 in

572 2066 817 2114 conclavi
857 2066 1095 2128 corporis
1135 2066 1230 2124 tui,
1269 2066 1434 2114 altera
1472 2066 1662 2128 repetit
1700 2072 1906 2128 partem
1946 2065 2229 2128 perditam,

572 2159 736 2203 quam
760 2148 817 2191 tu
842 2142 1104 2204 possides.

514 2188 601 2285 N
637 2219 780 2268 Nam
806 2218 1026 2280 quando
1049 2220 1285 2281 primum
1312 2220 1460 2268 illam
1485 2226 1634 2269 tuam
1658 2219 2014 2269 fascinantem
2038 2220 2231 2270 faciem

572 2298 771 2358 aspexi,
801 2297 979 2345 statim
1004 2313 1158 2345 mens
1182 2313 1303 2345 mea
1326 2297 1510 2345 nescio
1546 2313 1655 2357 quo
1690 2303 1950 2359 correpta,
1979 2297 2230 2359 impulsa,

409 2373 529 2423 1050
572 2374 809 2436 abrepta,
853 2373 1028 2422 afflata
1067 2373 1245 2422 furore
1286 2374 1546 2422 amatorio
1581 2373 1727 2435 abijt,
1767 2374 2008 2433 excessit,
2047 2374 2230 2433 evasit,

572 2451 787 2512 erupite
801 2449 1111 2512 perturbato
1131 2449 1235 2498 hoc
1254 2449 1549 2508 domicilio,
1570 2456 1620 2499 et
1635 2449 1703 2499 ad
1729 2467 1847 2499 oras
1864 2451 1968 2499 oris
1982 2451 2060 2500 tui
2074 2468 2236 2513 appu-

571 2527 647 2586 lit,
676 2527 766 2576 vbi
789 2527 1019 2576 formam
1044 2526 1284 2575 divinam
1304 2525 1347 2573 δε
1376 2532 1516 2575 certe
1547 2544 1727 2575 veram
1756 2527 1907 2575 ideam
1934 2527 2232 2576 Platonicam

573 2604 986 2666 contemplatur.
1015 2604 1143 2652 Sola
1166 2610 1223 2652 tu
1247 2609 1400 2665 potes
1425 2604 1493 2652 ab
1528 2604 1627 2652 ista
1661 2621 1747 2652 me
1783 2605 1948 2653 extasi
1983 2604 2230 2663 liberare,

571 2681 615 2729 si
638 2697 862 2743 passura
893 2681 964 2729 sis
999 2678 1196 2742 cospus
1231 2697 1317 2729 me
1353 2697 1553 2739 meum,
1582 2680 1731 2741 quod
1764 2681 1852 2730 hic
1887 2687 1981 2740 est,
2010 2681 2232 2743 conjun-

408 2757 526 2806 1055
571 2774 694 2820 gere
720 2774 903 2807 rursus
928 2757 1123 2806 animae
1146 2773 1297 2815 meae,
1325 2773 1447 2816 quae
1470 2757 1581 2806 illic
1605 2762 1700 2806 est.

634 2836 762 2897 Lyd.
793 2834 941 2897 Quin
963 2834 1144 2895 potius
1169 2832 1378 2882 auferas
1402 2834 1639 2882 animam
1665 2834 1822 2883 istinc
1845 2833 2043 2883 denuo.

634 2912 755 2960 Ped.
783 2913 853 2960 At
876 2917 934 2960 tu
958 2927 1024 2958 me
1049 2914 1164 2958 tenes
1186 2913 1240 2957 ut
1259 2910 1420 2968 viscus,
1449 2909 1507 2957 (δὲ
1529 2910 1748 2973 interficis
1770 2914 1820 2958 vt
1837 2910 2115 2959 Basiliscus,

635 2989 758 3036 Dro.
787 2988 939 3036 Sicut
960 2986 1159 3036 ferrum
1185 3002 1432 3034 amovere
1458 3003 1513 3034 se
1545 3003 1574 3034 a
1609 2993 1856 3048 magnete
1892 3004 2004 3036 non
2036 2994 2228 3050 potest,

575 3065 646 3113 ita
669 3065 822 3114 istius
847 3064 1028 3113 anima
1052 3063 1238 3125 (quam
1270 3063 1446 3123 rapuit
1480 3061 1547 3110 ad
1583 3079 1639 3111 se
1673 3063 1920 3111 attractiva
1952 3064 2021 3112 vis
2053 3065 2232 3114 vultus

410 3143 530 3188 1060
572 3140 671 3201 tui)
696 3139 941 3189 recedere
966 3140 1073 3188 iam
1098 3155 1210 3187 non
1228 3139 1370 3187 valet
1387 3155 1570 3187 rursus
1585 3142 1741 3201 gradu
1759 3143 2042 3202 retrogrado.
2063 3143 2233 3190 Amor

573 3218 628 3265 in
653 3218 752 3265 isto
778 3233 890 3266 non
914 3216 1255 3264 accidentaliter
1274 3214 1367 3263 sed
1385 3215 1682 3263 essentialiter
1706 3216 1859 3275 inest,
1882 3223 1936 3265 vt
1956 3217 2052 3278 [60]
2074 3218 2231 3266 evelli

571 3294 719 3342 salvo
762 3294 973 3343 interim
1014 3292 1255 3342 subiecto
1296 3308 1632 3353 nequaquam
1671 3294 1858 3354 possit.
1898 3294 2076 3356 Quare
2117 3311 2228 3344 non
