2444 4140
804 402 1114 457 Pedantins
1138 403 1218 456 Α.
1247 412 1350 456 ΙΙΙ.
1378 403 1468 457 Sc,
1505 411 1563 455 V.
1971 419 2034 473 41

403 555 623 604 Aulicos
642 556 930 614 imitantur,
953 557 1046 615 qui
1064 562 1189 605 sunt
1207 555 1419 606 mecum
1438 573 1613 616 neque
1633 556 1849 617 ingenio
1863 572 2039 616 neque

400 631 716 680 authoritate
755 631 1139 692 comparandi?
1173 631 1400 691 Deinde,
1429 633 1548 680 Cum
1568 632 1727 693 fueris
1757 634 1915 680 Romae
1945 633 2038 679 Ro-

399 723 529 754 mano
562 707 698 755 vivito
732 724 864 764 more,
890 707 980 755 vbi
1014 708 1189 756 vivere
1224 708 1429 769 capitur
1462 723 1558 769 pro
1582 708 1776 759 vestiri.
1804 723 2038 768 pronun-

401 782 557 840 ciare,
593 783 752 840 vesci,
790 782 988 841 bibere,
1025 782 1067 829 δε
1106 782 1417 832 huiusmodi
1456 800 1466 831 :
1503 783 1546 830 &
1579 784 1719 832 Aula
1758 789 1837 832 est
1874 783 2039 832 veluti
2086 798 2092 804 ·

242 873 382 918 1420,
406 858 596 916 Roma,
623 857 666 904 &
689 874 788 918 ego
811 858 1035 907 Aulicus
1059 859 1211 918 quasi
1238 860 1534 908 Romanus.

461 934 583 981 Dro.
607 932 840 982 Abunde
864 933 1160 982 satisfecisti
1183 933 1309 983 huic
1334 934 1621 995 objectioni
1651 950 1661 982 τ
1689 952 1813 983 nam
1838 951 1937 996 ego
1971 934 2037 983 de

397 1009 509 1056 istis
548 1008 966 1057 accidentalibus
1010 1008 1053 1056 δε
1097 1010 1402 1058 extrinsecis
1446 1009 1808 1059 habitualibus
1853 1010 2033 1059 minus

401 1083 604 1142 laboro,
626 1083 787 1132 modo
807 1090 983 1132 motus
1000 1090 1124 1133 tuus
1144 1084 1562 1146 philosophicus
1580 1086 1647 1133 sit
1665 1092 1715 1134 et
1738 1084 2035 1144 uniformis,

401 1175 500 1207 nec
524 1176 764 1219 unquam
799 1160 1116 1220 irregularis,
1144 1161 1455 1221 gravitatem
1479 1160 1678 1209 habeas
1702 1161 2038 1210 immobilem

240 1234 356 1294 1425
401 1251 626 1296 semper,
668 1236 820 1295 quasi
860 1236 1011 1283 stella
1049 1236 1171 1294 fixa,
1214 1253 1325 1284 non
1363 1242 1418 1284 vt
1454 1238 1634 1285 coeteri
1673 1237 1900 1298 planetae
1940 1236 2036 1297 [81]

401 1312 558 1359 vestri
601 1311 796 1369 Aulici,
841 1327 1071 1370 quorum
1115 1313 1304 1360 rotatio
1351 1318 1429 1360 est
1473 1312 1709 1370 erratica,
1747 1311 2038 1372 aliquando

401 1385 616 1445 directa,
638 1386 927 1446 aliquando
950 1388 1273 1446 stationaria,
1296 1387 1587 1448 aliquando
1610 1387 1931 1449 retrograda.
1953 1387 2038 1436 Tu

401 1462 534 1510 nihil
570 1479 810 1522 unquam
834 1463 1137 1511 committas
1170 1463 1291 1521 tale,
1320 1464 1478 1523 quale
1512 1462 1790 1512 deordinet
1823 1479 2037 1525 compo-

401 1538 648 1586 sitionem
673 1545 906 1586 nostram
933 1538 1391 1600 Philosophicam.

242 1614 361 1674 1430
469 1614 583 1661 Ped.
622 1614 739 1675 Ego
771 1613 1008 1663 suadebo
1043 1631 1253 1675 semper
1286 1615 1537 1663 salutaria
1569 1614 1872 1676 reipublicae,
1914 1631 2036 1664 con-

403 1688 630 1737 scribam
664 1689 909 1738 historias
942 1706 1118 1738 rerum
1146 1696 1431 1751 gestarum,
1463 1691 1677 1751 Legatis
1701 1690 2037 1752 respondebo

400 1762 646 1822 facunde,
669 1765 876 1813 nobiles
899 1765 1137 1813 tractabo
1156 1766 1377 1814 comiter
1394 1771 1449 1814 vt
1464 1765 1768 1824 familiares,
1789 1766 2036 1815 foeminas

400 1848 577 1888 autem
602 1841 802 1888 aulicas
826 1841 894 1889 ad
917 1841 1095 1890 lusum
1120 1840 1163 1887 &
1186 1842 1351 1890 risum
1374 1841 1696 1902 pro,vocabo
1724 1841 1837 1890 haec
1861 1858 1946 1890 me
1970 1841 2038 1890 ad

401 1916 718 1965 altissimum
743 1915 1015 1977 dignitatis
1039 1915 1263 1977 gradum
1287 1916 1597 1978 perducent.

240 1991 357 2053 1435
461 1993 582 2039 DrO.
613 1991 772 2053 Quod
806 1991 874 2040 ad
907 1991 1229 2041 documenta
1263 1993 1510 2041 aulicalia
1543 1994 1744 2051 attinet,
1772 2010 1857 2041 me
1892 1957 2035 2042 audi.

402 2066 664 2126 Primum,
712 2067 1161 2117 dissimulandum
1208 2074 1286 2116 est
1333 2068 1749 2129 profundissime
1794 2069 1918 2130 (hoc
1962 2075 2039 2117 est

402 2143 544 2190 enim
584 2144 640 2191 in
677 2144 870 2192 Aulico
910 2147 1048 2191 totum
1086 2144 1136 2191 in
1172 2148 1257 2191 toto
1297 2144 1354 2191 (δ’
1394 2148 1534 2191 totum
1564 2145 1613 2192 in
1636 2145 1837 2205 qualibet
1866 2143 2034 2206 parte).

398 2218 664 2276 Secundo,
681 2218 844 2267 debes
858 2219 1015 2280 (sicut
1037 2236 1206 2279 genus
1230 2219 1616 2280 subalternum)
1635 2220 1692 2268 (δ’
1708 2220 1873 2281 subiy'ci
1885 2225 2036 2282 super-

399 2294 569 2341 ioribus
607 2294 664 2342 (δή
695 2295 946 2356 praedicari
991 2297 1045 2343 de
1093 2294 1403 2355 inferioribuS.
1443 2295 1638 2353 Tertio,
1683 2297 1737 2344 in
1788 2295 2038 2344 omnibus

243 2385 360 2430 1440
403 2385 523 2428 quae
546 2369 773 2418 dixerint
802 2370 1026 2428 nobiles,
1054 2371 1396 2430 quantumvis
1421 2371 1697 2419 manifeste
1720 2370 1866 2419 falsis
1890 2373 2038 2432 (puta

404 2445 599 2493 coelum
623 2446 894 2504 quiescere
918 2445 960 2492 ἃ
993 2452 1185 2494 terram
1220 2445 1442 2506 moveri)
1466 2452 1522 2495 tu
1558 2447 1628 2494 sis
1661 2452 1840 2495 tamen
1874 2447 2038 2495 veluti

403 2537 489 2568 vox
526 2523 588 2567 ad
619 2521 859 2582 placitum,
897 2537 1017 2581 quae
1050 2521 1299 2582 fingentis
1339 2521 1613 2570 arbitrium
1654 2523 1908 2581 sequitur.
1953 2522 2037 2569 In-

404 2612 562 2657 super
586 2595 682 2657 [82]
709 2595 1166 2656 quemadmodum
1191 2597 1270 2644 sol
1295 2597 1350 2644 in
1374 2596 1637 2657 Signifero
1657 2598 1805 2658 juxta
1823 2596 2037 2645 diversi-

403 2677 563 2720 tatem
604 2672 896 2733 signorum,
933 2689 1028 2733 per
1060 2688 1180 2731 quae
1213 2671 1475 2730 discurrit,
1514 2673 1663 2720 aliter
1696 2679 1855 2732 atque
1889 2673 2038 2720 aliter

243 2747 359 2809 1445
404 2754 650 2808 operatur
671 2764 683 2806 ;
709 2748 785 2797 sic
807 2754 857 2796 te
882 2753 1088 2809 oportet
1112 2748 1168 2796 in
1191 2748 1283 2796 illo
1309 2749 1483 2796 aulico
1518 2748 1781 2808 Signifero
1816 2749 1966 2796 aliter
1995 2748 2039 2795 si

404 2825 459 2872 in
491 2824 760 2886 scorpionem
794 2823 1058 2882 incideris,
1087 2824 1252 2882 aliter,
1281 2824 1321 2871 si
1359 2824 1414 2871 in
1446 2824 1683 2892 virginem,
1712 2824 1877 2882 aliter,
1906 2824 1949 2872 si
1983 2823 2039 2871 in

364 2918 366 2921 ’
407 2900 755 2961 Capricornum,
783 2900 1018 2948 actiones
1056 2905 1173 2948 tuas
1211 2900 1294 2947 vel
1336 2898 1608 2948 intendere
1647 2900 1731 2947 vel
1755 2900 2036 2947 remittere.

407 2975 667 3024 Praeterea
702 2975 847 3035 quod
882 2974 949 3023 ad
983 2974 1216 3036 praedam
1252 2975 1450 3032 attinet,
1480 2975 1550 3022 sis
1584 2991 1710 3023 sane
1744 2975 1827 3023 vel
1862 2975 2038 3035 ipsum

400 3067 542 3113 genus
560 3051 968 3112 generalissimum,
992 3050 1418 3112 capacissimum,
1446 3051 1866 3111 rapacissimum,
1893 3066 2039 3097 man-

248 3126 365 3188 1450
407 3143 576 3186 usque
595 3126 793 3175 habeas
812 3127 964 3186 quasi
983 3143 1139 3174 voces
1158 3124 1607 3183 contradictorias,
1630 3142 1856 3185 quarum
1877 3125 2040 3173 altera

407 3203 643 3251 continet
682 3203 863 3250 omnia
906 3202 1069 3263 (scil:
1112 3200 1413 3263 protendens),
1451 3202 1613 3249 altera
1653 3201 1839 3249 nihil:
1884 3201 1987 3262 (scil
2024 3219 2040 3248 .-

405 3276 663 3340 praestans).
689 3278 908 3336 Vltimo,
933 3278 1191 3339 parasitos
1226 3277 1382 3325 etiam
1418 3277 1701 3336 conquiras
1734 3276 1848 3335 tibi,
1875 3277 1966 3337 qui
1989 3282 2040 3327 te
