2444 4140
820 374 1132 455 Pedantius
1156 400 1236 457 A..
1264 408 1335 452 ΙΙ.
1361 399 1452 453 Se.
1477 407 1519 450 1.
1976 409 2040 450 21

271 554 361 618 705
470 557 585 604 TuS.
610 554 764 614 Vide,
802 572 869 604 ne
903 555 1035 604 mihi
1068 555 1230 604 verba
1264 553 1357 603 des
1392 552 1646 611 obsecr03
1684 566 1751 599 ne
1781 548 1929 598 dicas
1958 565 2045 597 me

405 631 552 679 cibos
571 630 807 680 dedisse:
832 632 960 680 Non
978 637 1058 680 sat
1080 630 1263 690 habes,
1285 628 1432 691 quod
1445 627 1641 678 amoris
1658 632 1709 675 te
1726 625 1839 674 vias
1859 640 2046 673 omnes

404 705 606 766 doceo;
641 707 773 767 quin
806 713 864 756 ut
896 713 964 766 te,
1000 713 1256 767 tuamque
1292 707 1432 754 alam
1467 702 1744 766 postules?
1774 718 1842 750 ne
1872 717 2043 750 unum

407 782 717 842 (Daemones
751 800 899 832 meos
932 782 1113 840 testor)
1139 783 1360 831 obolum
1385 798 1415 829 a
1449 797 1534 829 me
1569 794 1749 828 sumes
1782 793 2042 837 unquam,

406 858 507 906 nisi
531 865 735 917 mutuo,
763 858 925 918 idque
949 859 1050 908 sub
1071 858 1274 917 foenore
1296 874 1307 906 :
1333 873 1532 920 repone
1556 854 1689 904 mihi
1713 854 2046 916 (priusquam

271 946 363 995 710
405 934 626 983 ulterius
648 933 1007 995 progrediare)
1026 935 1081 983 in
1104 934 1207 982 hoc
1226 949 1512 982 concavum
1529 932 1724 993 palmae
1741 945 1891 988 meae,
1913 945 2047 989 quas

400 1009 508 1070 jam
550 1009 713 1057 debes
750 1026 846 1070 pro
887 1015 1150 1067 comeatu,
1181 1009 1354 1058 minas
1387 1007 1542 1056 binas
1570 1023 1581 1055 :
1618 1005 1863 1055 Habebis
1897 1022 1928 1053 a
1961 1021 2047 1053 me

404 1100 613 1145 semper
637 1085 780 1132 locum
798 1084 855 1132 <30
863 1085 1017 1145 jocum
1041 1102 1057 1133 .·
1081 1083 1175 1133 sed
1199 1083 1398 1133 audin?
1413 1087 1571 1145 potum
1589 1086 1632 1130 et
1637 1081 1800 1143 focum
1818 1079 2048 1142 supped-
2109 1117 2110 1120 η

406 1159 561 1208 itabis
601 1160 730 1221 ipse,
769 1161 813 1208 si
850 1160 1042 1221 placet.
1087 1160 1237 1208 Dicis
1287 1159 1419 1208 mihi
1463 1175 1651 1220 nugas,
1702 1157 1893 1219 Optima
1915 1157 2047 1205 'Tus-

406 1236 584 1299 cidilla,
613 1235 656 1283 &
677 1238 741 1284 M
742 1236 910 1284 emoria
933 1240 971 1284 te
994 1237 1138 1284 colam
1159 1236 1428 1297 sempiterna
1444 1253 1464 1293 ;
1490 1233 1597 1284 Sed
1621 1250 1720 1295 ego
1755 1249 1867 1282 non
1890 1231 2047 1281 video

270 1311 360 1375 715
404 1328 672 1361 nummos.

470 1387 579 1436 Cro,
609 1388 692 1436 Ne
725 1388 995 1437 tantillum
1025 1405 1266 1448 unquam
1292 1387 1688 1449 (honestissima
1710 1384 1927 1448 hospes)
1950 1384 2048 1433 tibi

408 1464 603 1513 orietur
636 1481 666 1512 a
700 1481 784 1513 me
809 1463 1010 1524 damni,
1038 1465 1252 1526 cognita
1275 1470 1454 1513 nostra
1488 1462 1621 1512 fides
1654 1468 1765 1511 toto
1798 1461 1915 1511 foro
1950 1467 2044 1519 est,

406 1539 538 1588 mihi
561 1557 686 1589 vero
711 1541 856 1589 mille
891 1547 1016 1590 sunt
1048 1539 1196 1589 modi
1229 1540 1486 1603 pecunias
1520 1537 1852 1599 corradendj.
1883 1537 2044 1594 Nam,

404 1621 460 1663 vt
474 1616 714 1665 omittam
734 1617 880 1665 illam
894 1617 1356 1678 praeclarissimam
1372 1615 1588 1678 rapiendi
1602 1621 1768 1664 artem
1787 1614 1929 1676 (quae
1948 1611 2045 1674 [41]

271 1704 364 1753 720
405 1690 625 1740 domina
649 1698 727 1740 est
759 1691 802 1738 &
835 1692 1018 1753 regina
1050 1692 1376 1753 reliquarum
1402 1691 1665 1751 omnium)
1690 1707 1789 1752 ego
1819 1690 2048 1751 legalem

405 1767 560 1816 istam
584 1773 855 1816 monetam
880 1768 945 1830 (si
968 1767 1124 1829 desit)
1153 1766 1347 1825 cudere
1382 1767 1602 1828 quidem
1636 1768 1750 1829 ipse
1783 1782 2006 1828 possum
2034 1781 2045 1813 :

405 1844 538 1903 quin
571 1844 702 1892 alias
736 1845 895 1892 etiam
928 1844 1187 1905 plurimas
1219 1843 1586 1893 fraudulentas
1620 1849 1757 1892 artes
1788 1848 1945 1892 teneo
1979 1839 2049 1890 ad

405 1936 642 1980 unguem
688 1936 699 1967 z
740 1919 986 1986 Alchemia‘
1021 1926 1146 1969 mea'
1177 1920 1424 1969 homines
1468 1919 1742 1981 plumbeos
1787 1919 1844 1967 in
1887 1934 2047 1967 usum

405 2012 585 2044 meum
611 2012 798 2044 aureos
823 1996 1007 2044 efficit:
1027 1996 1204 2058 Magia
1219 1995 1580 2058 promittendo
1605 2011 1794 2044 aureos
1817 1999 2044 2052 montes,

270 2069 360 2131 725
406 2070 561 2119 infert
582 2071 639 2120 in
662 2088 973 2120 crumenam
997 2078 1233 2121 nostram
1257 2078 1536 2133 argenteos
1555 2087 1807 2121 nummos
1829 2087 1840 2119 ε
1860 2070 2046 2119 Vrina-

366 2203 368 2207 ·
404 2143 536 2195 riam
576 2153 740 2196 artem
775 2147 1118 2209 practicando
1154 2148 1313 2196 etiam
1354 2147 1558 2208 aliquid
1580 2164 1802 2209 possum
1827 2162 2046 2207 emung-

405 2239 528 2271 ere:
556 2223 612 2271 in
635 2240 740 2283 qua
763 2224 896 2272 nihil
921 2225 1220 2284 requiritur,
1248 2224 1350 2272 nisi
1384 2224 1489 2272 lotz-'0
1523 2224 1580 2272 (g,
1606 2224 1747 2286 potio.
1775 2222 1882 2272 Sed
1916 2220 2048 2283 quid

405 2298 482 2346 ais
526 2298 593 2347 ad
631 2299 772 2349 hanc
809 2301 1146 2361 parasiticam
1186 2306 1421 2349 nostiam
1463 2299 1802 2349 Adulationis
1844 2298 2048 2348 artem?

404 2389 524 2433 quae
547 2380 625 2422 est
648 2392 730 2423 ais
764 2376 955 2424 artium
990 2375 1033 2422 &
1066 2376 1286 2425 scientia
1310 2376 1669 2434 scientiar‚um
1697 2392 1804 2436 qua
1828 2375 2046 2423 iuvenes

268 2450 360 2510 730
403 2465 690 2510 generosos
715 2450 789 2511 (vt
812 2467 1006 2510 mures,
1034 2457 1124 2500 aut
1146 2451 1379 2500 muscasl
1398 2452 1658 2513 capimus,
1678 2451 1778 2500 hos
1802 2466 1901 2512 ego
1926 2466 2046 2498 mea

403 2525 627 2573 irretitos
667 2527 898 2574 amicitia
937 2526 1134 2575 devoro
1167 2543 1384 2588 prorsus
1418 2526 1461 2574 ἃ
1495 2527 1774 2585 absorbeo,
1802 2526 1954 2575 cibus
1987 2525 2044 2574 hi

402 2600 534 2649 mihi
573 2600 615 2647 &
650 2607 808 2662 potus
843 2607 981 2660 sunt,
1020 2618 1048 2650 e
1082 2602 1278 2662 quibus
1318 2603 1476 2651 etiam
1517 2603 1793 2664 (tanquam
1828 2618 1856 2650 e
1895 2601 2045 2650 cellis

402 2692 464 2737 p1
467 2676 798 2738 omptuarljs)
823 2676 1080 2739 depromo
1105 2676 1251 2737 quod
1274 2677 1452 2727 lubet.
1442 2678 1460 2713 Ρ

426 2752 564 2800 Ἤε.
593 2753 816 2801 Promas
835 2754 994 2814 igitur
1016 2752 1233 2802 tandem
1258 2770 1366 2814 quo
1391 2754 1582 2813 solvas,
1610 2753 1757 2815 quod
1778 2729 2043 2816 promittis

268 2826 359 2889 735
403 2833 512 2876 tam
537 2844 694 2890 saepe.

466 2904 575 2952 Cr0.
615 2903 761 2953 Cedo
796 2904 927 2953 mihi
961 2921 1085 2966 ergo
1116 2904 1226 2966 jam
1261 2904 1722 2955 adolescentulum
1757 2903 2038 2964 eiusmodi,

402 2995 523 3028 eum
544 2980 780 3028 tractabo
800 2980 1174 3039 eruditissime,
1190 2981 1364 3042 primo
1383 2980 1634 3030 laudibus
1653 2982 1708 3030 in
1727 2983 1923 3031 eoelum
1943 2980 2040 3042 [42]

404 3054 624 3113 efferam,
652 3072 713 3104 ac
740 3057 927 3105 Iouem
951 3057 1165 3106 alterum
1198 3058 1439 3115 efficiam,
1468 3073 1531 3105 ex
1564 3073 1672 3117 quo
1705 3063 1913 3106 tantum
1936 3057 2043 3105 mei

406 3129 610 3178 ardebit
633 3147 824 3190 amore,
851 3138 906 3180 vt
930 3132 1066 3182 sicut
1086 3134 1267 3195 Iupiter
1286 3134 1414 3181 olim
1437 3134 1620 3181 Danaa>
1635 3133 1685 3181 in
1705 3133 1944 3195 gremium,
1968 3132 2045 3181 sic

269 3217 361 3267 740
403 3206 492 3253 ille
517 3222 661 3254 meas
686 3207 740 3255 in
764 3225 955 3256 manus
988 3208 1214 3257 imbrem
1251 3226 1471 3258 aureum
1497 3209 1760 3267 immittat,
1787 3215 1902 3258 tum
1925 3223 2042 3270 pro-

402 3281 687 3343 digalitatis
711 3299 829 3332 eum
866 3300 1051 3332 omnes
1083 3291 1258 3346 partes
1296 3284 1519 3343 docebo,
1548 3284 1823 3344 quomodo
1858 3284 2043 3347 epulas
