2444 4140
765 421 1076 482 Pedantius
1099 428 1180 482 A.
1217 416 1272 480 V.
1300 396 1390 482 Se.
1427 435 1515 481 VI.
1919 428 1987 481 83

186 595 311 642 2920
415 579 525 629 Cro.
571 580 804 629 Maxime
842 587 1022 631 autem
1062 581 1271 631 monuit
1308 580 1416 640 illa,
1459 585 1518 630 ut
1556 579 1845 630 obscurum
1883 579 1987 630 hoc

350 655 561 705 deseras
600 673 706 715 rus,
748 657 1043 718 proculque
1081 657 1208 706 hinc
1247 657 1423 716 abeas,
1460 667 1528 706 ne
1568 657 1851 706 continuos
1890 655 1987 705 tibi

353 732 465 793 ejus
488 732 745 780 memoria
774 747 1021 782 maerores
1044 745 1213 783 novos
1236 732 1435 791 afferat.

306 799 310 802 ³
411 808 531 856 Ped.
565 808 967 869 Sapientissime
1002 826 1129 858 sane
1168 807 1372 858 suadet.
1412 808 1570 858 Oculi
1609 806 1753 858 enim
1792 813 1989 870 augent

351 882 609 932 dolorem.
631 884 719 932 Sic
739 884 916 945 itaque
934 890 1126 935 statua
1149 885 1465 934 Proficiscar
1488 884 1633 933 illico
1657 884 1783 934 hinc
1806 885 1988 946 aliquo

186 958 308 1022 2925
351 959 746 1009 remotissimas.
776 961 832 1009 in
877 976 1011 1020 oras,
1058 966 1314 1022 tanquam
1359 961 1577 1022 Vlysses
1631 960 1843 1022 aliquis,
1893 960 1992 1023 Qui

343 1051 491 1098 'mores
512 1035 744 1083 hominum
767 1037 1013 1084 multorum
1035 1037 1168 1095 vidit,
1195 1037 1253 1084 (θ’
1274 1037 1419 1085 urbeS.
1449 1037 1565 1086 Nec
1588 1037 1874 1098 quisquam
1898 1035 1988 1086 hic

351 1127 436 1160 me
460 1127 700 1171 unquam
723 1117 846 1173 post
867 1111 1014 1161 hunc
1036 1111 1179 1161 diem
1202 1113 1413 1162 visurus
1436 1119 1514 1161 est
1536 1112 1733 1162 denuo.

415 1186 524 1236 Cro.
552 1187 670 1248 Ego
694 1204 839 1237 nunc
864 1188 1006 1238 intus
1024 1204 1105 1247 ec,
1127 1195 1186 1237 ut
1204 1188 1434 1250 Lydiam
1459 1188 1527 1238 ad
1549 1188 1989 1253 nuptias,epu1as

187 1330 190 1332 v
352 1261 419 1311 ad
453 1279 662 1312 coenam
695 1280 878 1325 parem
906 1280 917 1312 ε
954 1281 1080 1313 nam
1114 1264 1211 1314 iste
1245 1265 1643 1327 quamprimum
1678 1265 1990 1314 abscesserit

187 1341 310 1403 2930
351 1339 495 1398 hinc,
522 1339 722 1401 nuptiae
752 1339 1103 1389 conficientur
1126 1341 1288 1389 illico.
1317 1340 1444 1403 [167]

412 1417 532 1464 Ped.
558 1416 690 1464 Vale
714 1422 940 1474 mortua,
964 1417 1179 1479 Longum
1203 1415 1556 1478 (adverbium)
1580 1417 1803 1478 longum
1831 1416 1989 1466 form·

355 1508 447 1541 osa
469 1493 586 1541 vale
614 1491 804 1552 Lydia,
825 1492 943 1542 vale
960 1493 1161 1551 VenuS,
1182 1493 1300 1541 vale
1323 1494 1506 1551 Amor,
1526 1509 1729 1554 vosque
1748 1492 1991 1554 (circum-

354 1568 560 1617 stantiae
588 1567 850 1617 factorum
874 1567 1110 1629 illorum)
1134 1569 1285 1617 locus
1318 1567 1362 1615 δε
1393 1575 1606 1630 tempus
1639 1569 1809 1618 valete
1837 1585 1848 1617 :
1873 1568 1992 1617 vale

287 1638 290 1640 ’
355 1642 705 1702 Dromodote,
738 1645 855 1693 vale
898 1643 1272 1694 Franciscane.
1309 1645 1441 1693 Vale
1475 1645 1650 1693 vicina
1682 1643 1991 1694 Academia.

189 1719 311 1782 2935
357 1719 404 1768 O
422 1718 653 1769 foelicem
672 1720 820 1768 illam
838 1719 1205 1778 Academiam,
1226 1736 1346 1780 quae
1373 1719 1696 1772 Pedantium
1720 1720 1992 1782 receperit,

354 1796 600 1844 miseram
627 1796 792 1854 illam,
820 1811 940 1856 quae
963 1796 1213 1845 amiserit.
1854 1795 1992 1844 Exit.

413 1873 535 1921 Dm.
583 1871 741 1920 Salve
788 1872 1156 1934 Philosophia,
1204 1872 1348 1921 salve
1391 1872 1593 1921 Saturne
1635 1871 1755 1922 fons
1794 1872 1991 1921 melan·

356 1947 561 2006 choliae,
596 1948 739 1996 salve
775 1948 1055 2007 subtilitas,
1082 1949 1227 1997 salve
1258 1947 1559 1997 distinctiva
1591 1947 1989 2010 contemplatio.

356 2024 472 2073 Iam
497 2040 596 2085 ego
620 2023 688 2073 ad
712 2023 886 2073 studia
904 2040 1024 2073 mea
1040 2022 1200 2073 redeo
1229 2030 1486 2085 tanquam
1510 2025 1645 2087 lapis
1669 2023 1737 2073 ad
1760 2023 1992 2074 universi

193 2115 315 2161 2940
358 2097 598 2149 centrum
621 2116 896 2149 recurrens
919 2101 1244 2149 naturaliter.
1850 2099 1989 2149 Exi-t.

330 2228 332 2231 ,
421 2176 531 2225 Cro.
556 2174 1035 2232 Vale‘Franciscana
1064 2176 1208 2225 salve
1234 2176 1421 2225 Crobole
1444 2195 1460 2226 .·
1483 2177 1616 2226 Vale
1642 2174 1989 2234 Dromodote,

358 2252 501 2301 salve
534 2257 592 2301 tu
626 2253 739 2314 ipse
775 2252 892 2313 Ego
927 2252 1232 2301 mortalium
1265 2251 1697 2302 fortunatissime.
1723 2252 1855 2301 Vale
1896 2251 1993 2300 Pe-

359 2327 524 2386 danti,
551 2328 696 2377 salve
720 2327 953 2376 rediviva
981 2327 1170 2389 Lydia.
1198 2329 1357 2377 Salva
1385 2328 1495 2390 jam
1521 2329 1695 2378 omnis
1724 2345 1807 2377 res
1831 2334 1923 2384 est,
1946 2324 1995 2393 ⁴&

358 2420 457 2466 ego
479 2405 650 2463 vale0,
671 2410 730 2453 ut
751 2404 915 2462 volui,
937 2404 1178 2466 Sponsus
1201 2404 1520 2453 laetissimus.
1545 2405 1651 2453 Vos
1675 2410 1995 2466 spectatores

195 2480 315 2543 2945
359 2481 556 2530 salvete
580 2480 739 2541 simul
763 2479 806 2526 ἃ
830 2480 998 2528 valete
1021 2496 1031 2527 :
1053 2480 1145 2540 qui
1170 2479 1360 2528 doletis
1383 2479 1825 2529 verbivendulum
1849 2479 1994 2528 hunc

359 2556 596 2614 illusum,
622 2556 876 2618 plangite,
898 2556 991 2615 qui
1014 2554 1257 2616 gaudetis
1280 2572 1460 2605 meum
1484 2555 1759 2623 gaudium,
1781 2571 1992 2605 mecum

356 2631 467 2693 jam
492 2630 758 2681 Plaudite.

984 2749 1211 2799 FINIS.
