2444 4140
312 154 410 204 130

526 311 682 354 totam
715 309 987 352 essentiam
1019 319 1186 362 neque
1214 310 1372 351 totam
1401 309 1634 352 virtutem
1655 312 1704 352 et
1732 306 1849 352 ideo
1879 307 2020 353 nullo
2053 308 2205 354 modo
2234 309 2297 355 de

527 376 738 432 singulis
776 373 1003 433 partibus
1038 375 1352 432 praedicatur,
1390 375 1481 421 sed
1520 375 1690 432 aliquo
1718 377 1941 423 modom.
1975 377 2038 423 de
2065 377 2296 424 omnibus

529 445 691 501 simul,
714 449 768 490 ut
788 449 831 490 si
852 444 1096 498 dicamus,
1118 444 1254 500 quod
1273 447 1457 502 pariesi,
1479 449 1682 497 tectum,
1707 452 1755 491 et
1783 445 2163 493 fundamentum
2183 454 2297 494 sunt

528 515 721 561 domus.

469 584 693 640 Javellus
727 587 864 640 supra
897 584 983 628 III
1016 581 1088 629 lib.
1125 583 1175 628 dc
1202 584 1388 638 Anima,
1414 583 1507 630 111.
1529 591 1591 630 6:
1622 583 1677 630 Si
1698 587 1865 631 anima
1892 585 2200 633 intellectiua
2222 593 2299 634 est

525 658 631 700 tota
651 656 702 698 in
721 658 828 698 toto
849 658 897 697 et
917 657 1023 698 tota
1042 656 1095 699 in
1115 652 1340 709 qualibet
1358 658 1517 709 parte.

471 723 580 770 The
603 723 689 768 5th
720 722 883 769 Satire
900 721 955 768 of
980 722 1247 769 Marston’s
1276 724 1467 780 Scourge
1487 723 1539 781 (ff
1557 723 1750 782 Villainy
1769 726 1813 770 is
1839 722 2039 770 headed
2064 725 2218 772 Totum
2252 728 2298 772 iu

525 795 620 839 toto.

471 863 533 909 A.
557 861 831 908 Fraunce’s
861 862 1070 916 Victoria,
1105 860 1193 907 IV.
1225 868 1267 907 8.
1293 878 1344 908 10
1368 873 1379 904 ε
1411 861 1565 909 Nunc
1593 877 1697 909 non
1727 876 1814 910 ero
1842 868 1975 909 totus
2007 868 2060 910 in
2089 869 2212 919 toto,
2249 870 2297 910 et

526 937 661 978 totus
682 935 733 977 in
755 930 982 988 qualibet
1002 937 1160 987 parte.

469 1001 744 1061 Sylvester‚
763 1003 843 1047 Du
863 1003 1033 1047 Bartas
1053 1002 1199 1055 (1608)
1218 1016 1267 1060 p.
1295 1007 1374 1058 173
1396 1016 1407 1049 :
1431 1002 1661 1049 whether
1681 1002 1789 1050 that
1807 1002 1894 1050 the
1921 1002 2110 1050 Soule..
2135 1003 2209 1051 Be
2229 1004 2298 1051 all

524 1076 577 1118 in
598 1071 682 1122 all,
700 1085 757 1117 or
778 1071 846 1118 all
866 1074 918 1116 in
940 1085 1095 1130 euery
1113 1076 1242 1127 part.

308 1147 449 1184 1488
474 1156 614 1199 genus
632 1141 996 1188 subalternum...
1022 1140 1178 1196 suszci
1195 1140 1492 1199 superioribus
1513 1141 1566 1186 ὅ»
1579 1142 1816 1198 pradicari
1834 1142 1883 1187 dc
1902 1142 2198 1200 inferioribus.

472 1211 748 1265 Brochard,
770 1211 963 1257 Lexicon
990 1210 1229 1268 philosoph.
1257 1226 1268 1256 ε
1293 1210 1583 1257 subalterna
1617 1225 1834 1270 genera:
1865 1226 2053 1270 genera
2086 1226 2299 1269 quorum

524 1295 680 1326 unum
710 1280 775 1327 ab
810 1281 969 1326 altero
991 1283 1291 1335 continetur,
1314 1279 1396 1326 vel
1417 1294 1631 1337 quorum
1659 1295 1816 1328 unum
1841 1282 1984 1328 alteri
2014 1296 2173 1339 genus
2203 1287 2296 1337 est,

526 1351 738 1397 alterum
760 1350 1004 1407 subjacet.

471 1420 912 1477 Hegendorffinus,
947 1421 1203 1477 Dragmata
1239 1436 1289 1467 12
1327 1433 1339 1466 :
1375 1418 1659 1467 Secatur....
1699 1434 1859 1478 genus
1898 1424 1951 1468 in
1984 1422 2299 1479 generalissi-

524 1505 731 1537 mum....
755 1490 892 1548 quod
926 1490 1121 1536 scilicet
1155 1503 1309 1546 supra
1339 1504 1395 1536 se
1424 1504 1523 1535 non
1556 1488 1711 1537 habet
1746 1491 1952 1547 aliquod
1980 1506 2211 1548 genus....
2243 1498 2299 1538 ut

525 1560 818 1606 substantia.
837 1558 1012 1605 Genus
1031 1559 1375 1606 subalternum
1391 1559 1527 1618 quod
1544 1561 1583 1605 δε
1599 1564 1797 1618 generis
1814 1561 1854 1606 &
1872 1565 2075 1619 speciei,
2095 1561 2297 1609 diuerso

524 1636 774 1689 respectu,
797 1635 1027 1675 naturam
1047 1629 1222 1684 induit,
1244 1634 1300 1674 ut
1319 1642 1503 1686 corpus
1523 1647 1533 1683 ;
1556 1629 1613 1674 ib.
1634 1646 1684 1686 17
1704 1645 1714 1676 ε
1734 1630 2048 1689 Quaecunque
2067 1631 2130 1676 de
2152 1645 2298 1688 supe-

523 1703 656 1746 riore
687 1700 930 1754 dicuntur,
952 1700 1016 1745 de
1045 1698 1279 1750 inferiore
1313 1699 1538 1745 dicantur
1557 1713 1825 1746 necessum
1854 1709 1944 1751 est,
1974 1706 2027 1745 ut
2049 1704 2091 1746 si
2113 1701 2298 1746 animal

529 1768 770 1816 sensibile
791 1775 883 1823 est,
906 1782 1026 1826 ergo
1047 1770 1088 1813 δε
1106 1769 1260 1815 homo
1281 1767 1535 1815 sensibilis
1557 1771 1622 1814 sit
1639 1775 1853 1825 oportet.

490 1839 664 1895 Set0n‚
691 1839 817 1885 Dial.
854 1851 863 1881 :
887 1838 1242 1884 Subalternum
1272 1852 1431 1895 genus
1462 1843 1540 1885 est
1569 1838 1706 1895 quod
1732 1844 1901 1898 potest
1935 1853 2046 1885 esse
2083 1842 2297 1897 species,

526 1913 580 1956 vt
597 1912 770 1955 virtus.
873 1959 878 1963 ‚
2245 1907 2253 1912 ”

312 1984 457 2023 1441
492 1980 639 2026 coelum
659 1982 868 2036 quiescere
889 1979 942 2022 ὧι
962 1982 1126 2024 terram
1145 1981 1321 2023 moveri.

472 2050 519 2096 A
537 2048 794 2095 reference
815 2054 867 2094 to
887 2049 972 2094 the
994 2048 1313 2104 Copernican
1339 2047 1518 2106 theory
1538 2046 1825 2105 (published
1850 2050 1990 2106 1543).

471 2118 565 2175 Cp.
594 2118 898 2174 Chapman’s
932 2119 1080 2176 Bussy
1099 2117 1341 2168 d’Ambois,
1372 2117 1435 2162 V.
1476 2134 1495 2164 1
1521 2133 1533 2163 ε
1556 2116 1752 2163 Author
1778 2117 1832 2163 of
1859 2118 2125 2176 prodigies,
2165 2117 2299 2165 Now

527 2192 570 2234 is
591 2192 629 2235 it
648 2194 758 2234 true
798 2187 940 2233 earth
960 2202 1134 2233 moves
1156 2187 1255 2233 and
1275 2187 1474 2233 heaven
1496 2187 1671 2233 stands
1693 2187 1829 2234 still?

471 2258 745 2316 sylvester,
776 2260 856 2303 Du
885 2258 1056 2303 Bartas
1083 2259 1228 2311 (1608)
1258 2272 1307 2315 p.
1340 2274 1394 2311 99
1423 2257 1651 2302 includes
1682 2270 1866 2315 among
1893 2272 1921 2298 «
1941 2263 2298 2316 preposterous

526 2331 641 2374 wits
661 2341 688 2367 »
712 2343 721 2374 :
745 2327 915 2373 Those
937 2326 1114 2374 Clarks
1136 2327 1245 2372 that
1264 2327 1405 2372 think
1426 2326 1587 2380 (think
1606 2326 1725 2372 how
1754 2325 1941 2373 absurd
1971 2341 2000 2372 a
2030 2329 2144 2381 iest)
2168 2327 2300 2374 That

526 2398 721 2443 neither
745 2397 968 2443 Heav’ns
999 2411 1091 2443 nor
1121 2396 1260 2443 Stars
1283 2396 1348 2442 do
1369 2402 1484 2442 turn
1514 2401 1565 2442 at
1585 2396 1670 2450 all,
1703 2396 1813 2442 Nor
1844 2396 2005 2442 dance
2027 2395 2181 2443 about
2200 2397 2296 2442 this

527 2473 668 2524 great
683 2467 845 2513 round
862 2466 1074 2525 Earthly
1090 2466 1204 2512 Ball
1222 2483 1233 2523 ;
1254 2467 1351 2512 But
1367 2466 1434 2511 th'
1453 2465 1611 2511 Earth
1627 2469 1665 2510 it
1685 2465 1793 2515 sels,
1811 2466 1909 2511 this
1931 2469 2116 2512 massie
2132 2465 2297 2512 Globe

527 2537 582 2583 of
597 2551 731 2587 ours,
755 2537 917 2582 Turns
939 2536 1272 2582 round-about
1293 2551 1420 2582 once
1443 2550 1597 2593 euery
1616 2536 1966 2582 twice-twelue
1985 2536 2172 2582 howrs.

311 2612 454 2651 1442
484 2622 566 2654 vox
584 2609 644 2653 ad
657 2607 861 2663 placitum
882 2608 1192 2665 quaefingentis
1212 2606 1443 2651 arbitrium
1465 2608 1673 2663 sequitur.

469 2677 752 2727 Tataretus‚
774 2679 834 2722 Iu
861 2676 1113 2723 Summulas
1132 2677 1193 2721 P.
1216 2678 1270 2721 H
1272 2677 1417 2731 ispani
1436 2688 1451 2717 .·
1471 2675 1585 2721 Vox
1616 2674 1946 2732 significativa
1968 2675 2031 2721 ad
2058 2674 2299 2734 placitum

527 2753 604 2793 est
633 2747 720 2792 illa
751 2761 863 2804 quae
894 2746 959 2792 ad
987 2746 1298 2791 voluntatem
1317 2748 1462 2803 primi
1483 2748 1786 2791 instituentis
1808 2745 1999 2800 aliquid
2020 2744 2296 2802 significat3

526 2823 580 2862 ut
607 2816 776 2867 homo,
798 2816 1070 2870 hominem,
1094 2830 1271 2872 equus,
1295 2829 1494 2871 equum.
1517 2814 1599 2860 Ad
1626 2814 1869 2873 placitum
1897 2818 2097 2870 ponitur
2118 2815 2181 2861 ad
2212 2814 2298 2860 dif-

526 2886 787 2932 ferentiam
807 2890 948 2932 vocis
971 2884 1299 2941 significantis
1321 2883 1628 2930 naturaliter.

312 2960 454 2999 1446
484 2958 814 3012 scorpionem...
845 2956 1131 3011 virginem...
1166 2953 1501 3011 Capricornum.
1538 2953 1631 3010 Cp.
1664 2967 1694 2999 a
1730 2954 1919 2999 similar
1949 2954 2069 3011 play
2112 2968 2179 3000 on
2212 2953 2297 3000 the

526 3040 699 3072 names
722 3024 778 3072 of
806 3025 891 3071 the
912 3024 1061 3082 Signs
1096 3027 1147 3069 in
1170 3023 1333 3069 Hall’s
1367 3024 1758 3078 Virgidemiarum,
1782 3023 1884 3069 Sat.
1908 3023 2053 3069 VIII.
2076 3039 2130 3078 29
2163 3027 2256 3069 etc.
2284 3035 2295 3066 ε

526 3095 635 3141 The
664 3094 794 3141 seete
823 3093 975 3141 tooke
1003 3108 1071 3152 vp
1101 3093 1186 3139 the
1214 3093 1330 3139 Fish
1358 3092 1480 3137 with
1500 3091 1637 3138 teeth
1658 3091 1713 3137 of
1728 3092 1847 3150 gold
1871 3104 1881 3134 ε
1908 3092 2004 3138 But
2037 3093 2155 3137 who
2174 3092 2298 3139 with

527 3166 704 3222 Scorpio
737 3163 938 3222 lodged,
974 3177 1092 3222 may
1125 3167 1213 3208 not
1238 3162 1302 3208 be
1333 3161 1489 3207 told...
1525 3160 1573 3207 If
1587 3161 1778 3207 chance
1800 3165 1837 3206 it
1858 3175 2000 3207 come
2021 3167 2073 3207 to
2093 3167 2297 3208 wanton

527 3233 836 3292 Capricorne
856 3233 973 3279 And
994 3247 1052 3278 so
1073 3235 1179 3278 into
1198 3231 1284 3277 the
1304 3233 1445 3277 Rams
1462 3230 1764 3289 disgraceful
1782 3230 1942 3276 horne
1962 3230 2105 3277 Then
2125 3232 2297 3277 learne

529 3303 651 3348 thou
672 3302 723 3348 of
742 3303 826 3348 the
847 3303 969 3360 vgly
986 3303 1195 3358 Scorpion
1216 3300 1290 3347 To
1311 3301 1428 3346 hate
1448 3300 1540 3345 her
1558 3299 1635 3346 for
1653 3298 1745 3346 her
1763 3299 1914 3346 fowle
1936 3299 2165 3346 abusion.

471 3372 670 3423 Textor‚
697 3373 887 3432 Officium
907 3372 1056 3423 (Ven.
1082 3372 1207 3428 1541)
1229 3370 1355 3416 Pars
1386 3369 1453 3420 II,
1477 3376 1558 3415 306
1581 3385 1592 3415 :
1616 3384 1727 3427 quae
1751 3373 1975 3427 corporis
2005 3375 2173 3427 partes
2194 3372 2297 3415 uni-

530 3444 710 3498 cuique
729 3445 873 3498 signo
895 3440 1090 3487 zodiaci
1109 3439 1420 3486 tribuuntur:
1443 3470 1473 3482 ..
1497 3442 1765 3495 scorpioni,
1788 3439 2039 3495 genitalia.

477 3509 569 3565 Cp.
596 3510 818 3555 Bullen’s
842 3510 1139 3558 Middleton‚
1165 3510 1252 3559 IV,
1278 3516 1373 3554 330.
1397 3508 1489 3566 Cp.
1511 3515 1593 3564 463
1608 3522 1653 3555 n.

316 3583 458 3621 1447
490 3578 825 3636 Capricornum.
847 3579 955 3624 The
977 3579 1119 3625 word
1138 3577 1240 3623 had
1257 3592 1287 3623 a
1307 3576 1408 3623 bad
1429 3590 1593 3633 sense,
1619 3576 1918 3636 apparently
1934 3580 2219 3623 sometimes
2242 3595 2297 3613 ==

531 3647 717 3696 lecher,
742 3651 1029 3693 sometimes
1048 3667 1104 3684 =
1124 3647 1354 3693 cuckold.

478 3716 755 3772 Chapman‚
778 3718 894 3774 May
922 3718 1042 3773 Day,
1068 3717 1156 3762 IV.
1184 3734 1200 3763 1
1230 3729 1240 3760 ε
1263 3717 1401 3762 what
1429 3715 1693 3762 lecherous
1715 3715 1990 3773 Capricorn
2010 3718 2176 3773 reigns
2196 3714 2294 3760 this

532 3785 771 3841 unhappy
794 3785 891 3841 day
912 3789 926 3827 Ρ
