2444 4140
527 393 563 446 6
915 398 920 402 ⁴
983 388 1393 443 PedantiusA
1410 430 1422 443 .
1450 386 1495 442 Ι.
1517 389 1608 443 Sc.
1638 399 1710 442 ΙΙ.

521 531 682 581 nibus
724 529 901 592 lepide
944 529 1166 591 lautitijs
1204 546 1215 577 ε
1249 530 1556 588 esculentis,
1592 530 1896 591 poculentis
1934 535 2176 579 ventrem

389 608 476 657 165
512 607 694 661 beabo
730 622 911 656 meum
947 622 957 653 :
995 604 1192 655 chartis
1230 606 1406 668 pictIS,
1443 606 1679 668 globulis
1724 605 1909 655 ludam
1945 605 2177 666 assidue,

521 682 789 733 interdum
815 682 1164 743 (severiorum
1198 681 1355 732 bona.
1372 698 1506 744 pace
1539 681 1787 743 dixerim)
1811 681 1855 731 &
1878 683 1994 731 alea
2022 699 2033 731 :
2058 689 2181 745 post

518 759 634 808 haec
658 775 782 808 cum
807 757 1024 819 cognita
1047 758 1175 807 satis
1198 758 1367 807 virtus
1385 765 1568 808 nostra
1589 757 1764 818 fuerit,
1792 759 1976 809 multis
1999 759 2179 821 petitis

520 835 563 883 &
586 834 795 897 adeptis
827 834 1144 894 honoribus,
1172 851 1455 896 nunquam
1495 833 1740 884 desistam
1773 834 1949 885 donec‘
1981 834 2181 884 mihi&

519 909 824 960 haeredibus
857 909 926 959 de
961 927 1184 973 corpore
1219 927 1342 960 meo
1376 911 1614 972 legitime
1653 912 1943 973 procreatis
1976 911 2184 961 Baronis

389 1001 477 1050 170
520 988 737 1037 titulum
762 993 854 1036 aut
879 987 1076 1036 Comitis
1098 1004 1503 1050 comparauero.
1532 987 1638 1039 Sed
1664 988 1786 1048 quis
1809 988 1914 1047 hic,
1942 989 2035 1048 qui
2072 994 2182 1036 tam

521 1062 706 1112 odiose
731 1064 837 1113 iam
858 1063 1146 1113 interuenit
1164 1064 1298 1113 mihi
1315 1070 1426 1113 tam
1446 1063 1684 1113 iucunda
1703 1063 2016 1113 meditanti?
2035 1062 2182 1127 Quid

521 1141 593 1188 ita
606 1140 823 1199 coelum,
840 1146 1035 1189 terram
1054 1141 1312 1190 attonitus
1331 1140 1597 1191 intuetur?
1615 1140 1720 1200 Oh,
1737 1141 1868 1190 noui
1882 1140 2179 1190 hominem.

583 1217 708 1265 Dro.
732 1218 785 1265 Z
785 1217 927 1265 enith.

586 1292 697 1342 CrO.
728 1293 938 1344 Riualis
972 1294 1078 1343 mei
1115 1293 1356 1355 Pedantij
1387 1293 1665 1343 familiaris
1700 1299 1779 1342 est
1814 1292 2184 1343 Dromodotus

388 1369 475 1432 175
518 1368 896 1432 philosophus.
1695 1385 1698 1388 ·

583 1447 708 1496 Dro.
733 1447 793 1497 N
795 1447 921 1496 adir.

585 1523 697 1572 Cro,
723 1523 822 1572 Vel
845 1522 1005 1573 frater
1027 1524 1208 1586 potius
1232 1538 1540 1585 germanus.
1570 1522 1668 1584 [11]

581 1600 704 1648 Dro.
730 1601 791 1649 H
792 1600 965 1649 orizon.

585 1676 698 1726 Cro,
727 1677 871 1726 Nam
895 1683 1035 1727 certe
1059 1677 1159 1726 hos
1183 1684 1420 1738 Vtrosque
1448 1676 1637 1726 eadem
1673 1675 1821 1725 dedit
1855 1675 1972 1725 orbi
2010 1676 2184 1726 Moria

390 1754 480 1801 180
523 1759 710 1802 mater.

585 1829 709 1878 Dro.
744 1831 866 1879 Vrsa
889 1830 1054 1880 maior.

589 1907 701 1956 Cro·
730 1906 882 1969 Quos
907 1923 1006 1969 ego
1031 1906 1221 1956 ambos
1244 1905 1406 1956 hodie
1431 1905 1572 1956 dolis
1601 1905 1773 1956 doctis
1808 1906 1942 1955 meis
1976 1905 2184 1956 docebo

525 1983 713 2044 quanti
737 1983 805 2032 sit
828 2000 1034 2046 sapere.

586 2060 710 2109 Dro.
739 2051 940 2122 Κόσμος,
973 2062 1314 2127 μακρόκοσμος,
1343 2063 1395 2107 τὸ
1421 2068 1508 2107 πᾶν
1534 2060 1828 2108 Vniuersum.
1853 2060 1979 2108 HOC
2003 2076 2182 2119 omne,

393 2136 480 2185 185
525 2135 672 2197 quod
686 2135 774 2186 hic
789 2137 895 2185 iam
908 2135 1148 2198 vndique
1167 2137 1320 2185 nerui
1339 2136 1444 2186 mei
1465 2136 1629 2198 optici
1649 2152 1757 2197 ope>
1770 2135 1926 2185 video
1947 2135 2010 2197 (ἃ
2028 2135 2185 2185 video

526 2220 665 2262 certe
691 2213 1029 2262 intromittendo
1051 2214 1226 2275 specie3‚
1249 2230 1337 2261 non
1360 2212 1708 2262 extramittendo
1727 2211 1903 2272 radios)
1921 2213 2186 2275 templum

528 2296 606 2339 est
630 2291 828 2340 summi
850 2290 996 2349 IouiS,
1026 2291 1083 2340 in
1114 2307 1222 2352 quo
1257 2291 1355 2340 tria
1389 2291 1614 2340 veniunt
1647 2290 1990 2352 potissimum
2014 2290 2185 2339 consi-

527 2366 781 2416 deranda.
822 2368 1026 2427 Primo,
1053 2384 1251 2429 corpus
1286 2367 1530 2429 simplex,
1559 2366 1899 2429 sphaericum,
1926 2372 2186 2428 perpetuo

526 2443 727 2492 mobile
769 2443 918 2504 quod
955 2460 1214 2493 vocamus
1251 2444 1446 2493 Coelum.
1484 2443 1755 2503 Secund0‚
1798 2443 1902 2493 hoc
1942 2449 2187 2493 centrum

396 2536 485 2581 190
527 2519 735 2579 mundi,
764 2521 905 2570 circa
927 2520 1076 2582 quod
1094 2526 1296 2570 rotatur
1315 2519 1744 2570 circumferentia
1761 2519 1909 2582 globi
1928 2518 2184 2578 stelliferi,

529 2596 734 2647 dictum
768 2598 936 2647 Terra.
965 2597 1226 2657 Tertium,
1254 2597 1651 2647 subterraneum
1686 2595 1962 2658 quoddam
1997 2612 2187 2647 conca-

528 2691 675 2733 vum,
713 2674 771 2724 in
803 2690 913 2736 quo
948 2675 1103 2736 quasi
1143 2674 1200 2724 in
1238 2690 1405 2738 specu
1445 2673 1691 2724 habitant
1729 2673 1815 2722 isti
1856 2673 2185 2722 Daemones:

530 2768 843 2812 quanquam
874 2752 986 2801 scio
1022 2767 1134 2801 non
1167 2767 1326 2813 posse
1364 2750 1580 2813 probari
1620 2766 1684 2799 ex
1722 2749 2007 2798 Aristotele
2046 2749 2188 2798 ullos

532 2844 646 2876 esse
691 2827 957 2877 diabolos.
998 2829 1070 2877 At
1115 2827 1399 2885 occuritur,
1446 2826 1789 2875 Aristotelem
1835 2841 1947 2874 non
1991 2824 2187 2873 vidisse

399 2903 484 2966 195
530 2921 717 2954 verum
742 2904 799 2954 in
822 2903 1207 2966 spiritualibus
1230 2901 1339 2952 Sed
1356 2918 1456 2963 ego
1479 2919 1592 2952 rem
1618 2902 1790 2963 ipsam
1809 2918 1910 2951 acu
1929 2901 2187 2962 attingam

531 2979 636 3029 hoc
681 2980 844 3029 modo
891 2997 901 3028 :
951 2980 1090 3029 Sunt
1117 2979 1388 3040 AntipodeS,
1425 2979 1569 3039 Ergo
1604 2977 2013 3038 dae-[12]moneS‚
2061 2994 2187 3026 nam

532 3057 618 3105 isti
644 3056 862 3106 Diaboli
887 3056 1047 3105 etiam
1079 3055 1303 3116 vestigia
1336 3053 1511 3115 figunt
1544 3053 1701 3102 nobis
1736 3052 2148 3102 contradictoria
2175 3069 2185 3101 :

533 3132 603 3181 Et
641 3149 769 3183 sane
808 3131 1069 3194 quicquid
1108 3137 1187 3180 est
1219 3130 1381 3180 habet
1414 3129 1517 3179 sibi
1551 3130 1876 3179 contrarium
1912 3129 2188 3191 (nimirum

534 3209 853 3269 qualitatum
888 3213 1151 3270 respectU‚
1189 3223 1301 3256 non
1335 3206 1663 3265 substantiae,
1692 3206 1779 3256 cui
1813 3206 1948 3255 nihil
1983 3211 2187 3274 contra-

399 3299 492 3336 200
532 3283 718 3348 riatur)
760 3283 1029 3348 siquidem
1067 3283 1155 3335 hic
1195 3282 1373 3336 omnis
1412 3282 1680 3335 sensibilis
1721 3281 1957 3334 mundus
1990 3282 2190 3345 regitur
