2444 4140
757 446 1066 502 Pedantius
1092 449 1172 503 A.
1210 459 1266 502 V.
1292 450 1380 504 Sc.
1411 459 1508 503 IV.
1939 462 2007 518 77

368 600 688 658 stantissime
735 600 989 660 Gilberte,
1028 602 1172 651 salus
1211 602 1326 664 ipsa
1363 608 1414 652 te
1453 601 1609 651 nobis
1652 601 1695 649 δε
1734 602 2007 664 reipublicae

204 689 326 738 2710
368 675 664 725 diutissime
688 682 861 724 seruet
885 676 1233 726 incolumem.

433 751 533 799 Gil.
563 752 734 810 HeuS,
762 751 914 800 edico
940 752 1053 811 tibi,
1081 753 1183 801 nisi
1207 769 1458 802 nummos
1491 753 1757 815 paraveris
1781 753 1836 802 in
1860 752 2003 802 diem

369 827 675 885 crastinum,
703 827 757 875 in
792 828 874 876 ius
898 833 948 876 te
972 827 1178 876 traham
1202 844 1213 887 ;
1239 829 1374 877 vale.

430 903 550 950 Ped.
578 902 676 964 Qut¹
696 919 783 950 non
807 907 871 951 est
891 903 1036 960 hodie,
1066 920 1167 951 cras
1188 903 1339 952 minus
1360 908 1494 966 aptus
1515 904 1617 952 erit.

768 1060 950 1115 Actus
976 1061 1236 1132 Quintus.
1267 1061 1442 1115 Scena

208 1212 327 1275 2715
1002 1212 1219 1274 Quarta.

731 1359 1125 1406 DROMODOTVS.
1154 1358 1484 1407 PEDANTlvs.

431 1505 501 1553 D.
531 1502 672 1566 Qvid
706 1503 801 1552 tibi
836 1521 960 1566 cum
999 1505 1131 1552 istoc
1171 1510 1280 1553 erat
1313 1504 1656 1566 commercij?
1686 1503 1910 1553 Videtur
1943 1520 2007 1553 ex

370 1579 556 1629 habitu
595 1597 736 1629 unus
775 1596 839 1628 ex
877 1580 1131 1628 brutalibus
1167 1580 1269 1628 istis
1306 1580 1497 1628 atomis
1530 1579 1753 1641 plebeijs
1786 1579 1829 1627 δι
1860 1585 2006 1628 vextra

373 1662 608 1704 nostram
634 1655 1023 1716 intelligibilem
1048 1655 1308 1716 sphaeram
1333 1655 1558 1717 positus.

208 1745 329 1794 2720
433 1732 551 1779 Ped.
580 1731 677 1779 Est
700 1747 839 1779 unus
873 1747 936 1779 ex
969 1730 1299 1779 debitoribus
1323 1731 1473 1790 meis,
1500 1747 1637 1791 quos
1669 1730 1842 1780 habeo
1865 1731 2005 1792 plur·

372 1807 507 1855 imos
545 1806 791 1868 pessimae
828 1805 954 1854 fidei
998 1822 1008 1854 :
1053 1806 1181 1867 [155]
1221 1823 1401 1866 quem,
1443 1807 1570 1867 quia
1607 1822 1718 1855 non
1757 1805 2009 1855 satisfacit

372 1881 520 1940 mihi,
549 1881 825 1942 obiurgavi
850 1881 1202 1931 mediocriter.

431 1959 553 2006 Dro.
583 1956 960 2006 Mediocriter?
986 1958 1159 2006 'Recte
1189 1974 1199 2006 :
1236 1958 1402 2007 virtus
1437 1957 1580 2006 enim
1615 1963 1694 2006 est
1725 1957 2010 2006 mediocritas

370 2033 489 2082 inter
505 2035 594 2081 duo
616 2037 830 2081 extrema.
859 2033 965 2082 Sed
990 2051 1084 2083 cur
1106 2050 1217 2082 non
1239 2035 1405 2082 Amas
1429 2034 1587 2082 etiam
1613 2032 1947 2082 mediocriter
1964 2033 2007 2081 Sc

207 2109 326 2172 2725
372 2108 780 2171 (significantius
803 2108 1098 2170 loquendo)
1121 2109 1316 2158 virtuose
1335 2109 1353 2157 Ρ

431 2186 551 2233 Ped.
581 2184 944 2246 Respondebo
962 2185 1058 2234 tibi
1069 2185 1360 2246 'negatione
1378 2184 1666 2247 duplicata.
1690 2185 1824 2243 Nec,
1845 2201 2007 2245 quam

370 2262 527 2320 Amo,
565 2267 644 2310 est
676 2277 758 2309 res
792 2260 1092 2319 mediocris,
1130 2278 1229 2310 nec
1258 2262 1425 2309 Amor
1458 2277 1610 2310 meus
1643 2260 1834 2310 diffluit
1867 2267 2011 2309 extra

372 2337 513 2398 ripas
535 2337 771 2385 rationis.
797 2336 962 2385 Vides
984 2337 1071 2386 hic
1094 2337 1424 2398 geminatum
1449 2353 1563 2385 esse
1586 2353 1661 2385 nec
1683 2336 2007 2386 vocabulum

371 2413 668 2474 negativum
691 2413 954 2461 concinne
983 2411 1276 2461 admodum
1310 2429 1405 2474 per
1437 2412 1663 2474 figuram
1687 2412 2004 2474 Anaphoram.

211 2489 333 2550 2730
435 2489 557 2537 Dm.
585 2487 691 2537 Sed
724 2505 819 2537 cur
852 2505 937 2536 me
965 2489 1077 2550 jam
1112 2488 1471 2537 accersivisti?
1507 2488 1649 2536 Male
1683 2487 1779 2536 tibi
1811 2487 2009 2536 faciant

372 2570 650 2626 propterea
674 2580 861 2612 omnes
883 2564 1112 2626 planetae
1135 2563 1417 2626 nuptiales.
1440 2564 1568 2612 Erat
1585 2579 1813 2612 acumen
1830 2579 2011 2613 meum
2041 2613 2044 2617 ,

373 2640 844 2701 occupatissimum
880 2640 1019 2688 circa
1052 2638 1462 2700 longitudinem,
1500 2638 1854 2697 latitudinem,
1891 2655 2008 2701 pro-

370 2714 687 2764 funditatem
711 2717 952 2763 mundante
973 2715 1242 2772 identitatis,
1270 2713 1313 2762 δε
1343 2714 1466 2777 (nisi
1499 2721 1556 2764 tu
1591 2731 1676 2763 me
1710 2713 2008 2775 avocasses)

371 2791 748 2852 percurrissem
784 2789 1062 2852 (ordiendo
1097 2789 1165 2839 ab
1199 2790 1462 2839 elemento
1495 2789 1668 2851 primo
1704 2789 2008 2851 Cognoscibil-

210 2864 330 2926 2735
372 2865 520 2926 itatis)
544 2867 846 2916 universam
871 2866 1068 2914 scalam
1094 2872 1310 2924 naturae,
1338 2866 1394 2914 in
1428 2882 1534 2926 qua
1567 2865 1704 2914 inest
1726 2864 1769 2912 &
1790 2866 2010 2914 occultum

373 2942 550 3000 occulti,
576 2941 619 2989 δε
642 2959 730 2990 non
751 2943 971 2990 occultum
995 2958 1081 2990 non
1103 2942 1281 2990 occulti.
1310 2940 1415 2990 Sed
1446 2939 1576 3001 quid
1604 2941 1714 3002 jam
1734 2941 1754 2988 ?
1786 2941 2008 2990 Stantne

374 3033 457 3066 res
479 3024 583 3067 tuae
605 3017 1074 3067 fundamentaliter
1096 3017 1272 3067 adhuc
1293 3017 1311 3065 ?
1344 3034 1414 3065 an
1446 3017 1624 3078 potius
1658 3016 1850 3066 metuis
1883 3032 2009 3065 con-

373 3093 630 3154 tingentia
650 3093 777 3155 [156]
798 3093 1044 3154 quaedam
1065 3093 1394 3155 (quanquam
1413 3099 1588 3154 potest
1606 3093 1923 3141 controverti
1942 3108 2011 3140 an

374 3168 484 3217 ulla
507 3169 573 3217 sit
594 3168 806 3218 fortuna
831 3169 1091 3230 omnino).

214 3254 334 3308 2740
434 3245 552 3295 Ped.
578 3245 711 3294 Acta
728 3245 839 3310 jam
862 3244 905 3292 &
928 3251 1191 3298 transacta
1214 3250 1340 3299 sunt
1362 3244 1559 3302 omnia,
1585 3243 1658 3292 vti
1682 3259 1855 3311 spero.
