2444 4140
411 696 528 758 1455

411 1081 531 1141 1460

412 1462 530 1524 1465

413 1861 532 1910 1470

412 2232 531 2294 1475

412 2619 532 2679 1480

414 3002 533 3064 1485

577 402 645 458 42
925 391 930 396 ’
983 383 1298 440 Pedantius
1321 384 1373 438 Α
1391 427 1403 439 .
1426 385 1528 440 ΙΙΙ.
1558 382 1662 465 Sc..
1690 397 1746 439 V.

575 560 639 592 ex
672 543 837 600 inani,
875 541 919 589 &
953 534 1205 599 nullos&
1240 556 1352 589 non
1391 546 1513 590 ente
1553 542 1900 602 immensum,
1938 542 2230 603 infinitum,

572 617 959 668 transcendens
984 617 1234 666 efficiant.

634 697 754 744 Ped.
785 695 881 743 Est
903 694 1007 742 1100
1031 692 1239 754 aliquid
1263 693 1411 754 quod
1435 693 1587 753 dicis,
1614 701 1797 744 tamen
1831 695 1888 744 in
1920 695 2024 745 hoc
2049 697 2233 757 aliquo

574 789 686 821 non
709 773 894 820 insunt
918 771 1134 829 omnia3
1166 771 1359 831 Neque
1395 771 1540 819 enim
1576 770 1808 820 docuisti
1833 789 2056 822 manum
2081 772 2234 822 deos·

574 847 863 898 culandam
890 864 1005 896 esse
1039 848 1096 896 in
1131 848 1562 906 salutationibus,
1591 865 1768 908 neque
1801 849 2086 911 erigendos
2120 867 2235 899 esse

574 940 787 987 sparsos
821 925 1064 986 capillos,
1099 923 1263 984 idque
1298 925 1512 986 saepius,
1540 924 1739 985 quibus
1774 941 1874 986 ego
1910 942 1969 975 os
2003 926 2235 976 sublime

574 1001 733 1060 dabo,
777 1002 1086 1061 coelumque
1127 1000 1308 1049 videre
1344 1000 1566 1062 jubebo,
1609 1000 1653 1048 δε
1693 1008 1897 1051 0100105
1936 1002 2004 1052 3(1
2045 1002 2235 1065 sydera

573 1079 760 1127 tollere
795 1079 992 1127 vultus.
1023 1077 1165 1126 Tum
1202 1094 1314 1126 non
1346 1079 1546 1126 Proteus
1571 1077 1668 1139 [83]
1706 1079 1835 1127 olim
1870 1080 2053 1141 plures
2088 1096 2144 1128 50
2179 1081 2237 1129 111

573 1154 774 1204 formas
813 1155 1084 1203 transtulit
1130 1154 1217 1216 (de
1264 1171 1373 1215 quo
1418 1171 1557 1216 pene
1603 1155 1807 1216 ubique
1852 1156 2046 1217 legitur
2090 1155 2237 1218 apud

575 1232 793 1292 Poetas)
834 1248 998 1292 quam
1040 1248 1140 1293 ego
1180 1232 1381 1280 vultum
1427 1248 1615 1289 meum,
1660 1231 1703 1278 δε
1742 1232 1974 1281 maxime
2015 1232 2236 1293 quidem

574 1308 816 1367 barbam,
859 1307 903 1355 Sc
941 1308 1285 1370 potissimum
1331 1309 1663 1370 superiorem
1703 1309 1819 1358 eius
1859 1309 2001 1359 hanc
2038 1316 2236 1371 partem

577 1385 873 1444 bicornem,
901 1401 1023 1446 quae
1056 1384 1281 1434 barbare
1306 1384 1502 1434 dicitur
1523 1386 1588 1433 Μ
1589 1385 1809 1434 ustaches.
1839 1386 1886 1434 O
1911 1385 2233 1445 barbariem,

576 1462 743 1512 barba
767 1455 1045 1525 comptula
1069 1462 1112 1510 &
1137 1460 1497 1512 calamistrata
1531 1462 1812 1524 indignam
1837 1462 1846 1510 !
1874 1462 2030 1512 Adde
2055 1464 2234 1522 etiam,

574 1539 722 1600 quod
762 1539 910 1589 hunc
948 1539 1231 1589 habiturus
1272 1556 1392 1588 sum
1432 1555 1662 1601 puerum
1701 1538 2107 1601 pedissequum,
2144 1540 2238 1601 qui

576 1616 820 1665 sandalia
849 1633 970 1665 mea
1000 1617 1256 1678 (Pantofles
1274 1615 1417 1665 dicta
1442 1619 1531 1663 ἀπὸ
1557 1623 1636 1664 τοῦ
1662 1636 1806 1664 παντα
1833 1615 1997 1683 φέρειν)
2022 1634 2237 1666 1110011111

576 1693 816 1755 Vndique
849 1692 1204 1743 circumferet.
1234 1693 1486 1753 Denique
1522 1693 1593 1742 ita
1626 1693 1880 1755 graphice
1915 1710 2001 1743 me
2035 1710 2235 1755 geram,

578 1778 636 1820 ut
660 1771 992 1833 ipsissimum
1015 1771 1245 1832 speculum
1273 1770 1570 1819 Tuscanismi
1585 1787 1640 1818 se
1660 1769 1840 1818 videre
1860 1771 2074 1831 quisque
2097 1769 2240 1819 dicat

576 1848 631 1896 in
655 1847 760 1896 hoc
794 1848 927 1895 vultu
948 1848 1087 1895 Itali.
1119 1847 1255 1895 Haec
1291 1847 1505 1908 singula
1540 1847 1760 1895 maximi
1797 1853 1924 1895 sunt
1957 1848 2235 1905 momenti,

575 1923 618 1971 ὃς
643 1923 834 1986 5111(11]’5
857 1924 1176 1985 dignissima
1201 1924 1414 1972 nostris.

636 2003 767 2050 Lud.
798 2002 916 2063 Ego
941 2000 1301 2050 eruditissime
1328 2001 1652 2062 Praeceptor,

636 2079 758 2127 Ped.
784 2078 871 2126 Ah
895 2078 904 2125 1
932 2077 1055 2126 vide
1078 2093 1089 2136 ;
1120 2076 1300 2126 Ludio
1325 2077 1711 2137 suaviloquens
1745 2093 1896 2139 puer,
1923 2093 2237 2137 quanquam

576 2172 694 2204 sum
740 2172 923 2204 revera
969 2153 1364 2204 eruditissimus
1409 2153 1452 2201 δε
1496 2154 1890 2202 erudientissimus
1931 2154 2240 2216 Praeceptor

576 2237 719 2290 tuus,
746 2238 928 2280 tamen
965 2232 1093 2292 jam,
1126 2231 1237 2293 jam
1274 2232 1515 2291 inquam,
1543 2237 1831 2293 postquam
1868 2231 1924 2279 in
1958 2231 2238 2280 celsiorem

575 2308 618 2355 δε
664 2308 1035 2358 sublimiorem
1083 2307 1267 2357 sedem
1312 2307 1535 2356 honoris
1582 2324 1904 2357 ascensurus
1949 2322 2087 2365 sum,
2137 2308 2237 2356 isto

575 2386 756 2448 potius
781 2402 866 2434 me
892 2385 1039 2434 affari
1066 2384 1230 2434 modo
1255 2384 1438 2442 debes,
1464 2385 1525 2432 H
1525 2387 1753 2433 onorande
1774 2384 1989 2442 Domine,
2010 2385 2074 2433 M
2075 2401 2241 2432 aecenas

575 2463 859 2525 dignissime,
888 2463 1099 2524 placeat
1134 2461 1297 2510 modo
1335 2461 1432 2524 [84]
1469 2461 1776 2524 amplitudini
1808 2463 1938 2509 tuae?
1972 2462 2077 2510 Hae
2116 2467 2241 2511 sunt

578 2540 722 2588 enim
747 2556 907 2589 voces
932 2540 1038 2588 illae
1066 2538 1364 2587 Rhetorum
1391 2538 1806 2600 amplificativae.
1835 2538 2025 2599 Perge.

636 2618 768 2666 Lud.
798 2617 934 2678 Ego,
962 2615 1279 2665 honorande
1306 2616 1557 2673 Domine,
1588 2615 1756 2675 mique
1794 2615 2063 2663 Maecenas
2087 2613 2238 2676 dign-

575 2695 775 2753 issime,
828 2694 976 2743 omni
1030 2693 1206 2742 officio
1257 2693 1340 2741 vel
1386 2692 1567 2754 potius
1618 2692 1814 2753 pietate
1865 2708 1989 2753 erga
2039 2697 2090 2740 te
2140 2690 2239 2740 tibi

576 2770 899 2820 satisfaciam
936 2787 1164 2832 semper,
1193 2770 1247 2818 in
1283 2785 1392 2829 quo
1428 2768 1561 2817 mihi
1597 2769 1698 2830 ipsi
1739 2774 1921 2817 tamen
1954 2784 2237 2828 nunquam

577 2847 864 2898 satisfacio.

637 2926 757 2973 Ped.
782 2924 1265 2974 Ciceronianissimum
1281 2938 1510 2984 puerum
1535 2922 1543 2969 Ξ
1572 2920 1964 2982 (3(11111)011(111111
1990 2927 2069 2969 051
2093 2921 2236 2969 0111111

577 3001 620 3049 &
644 3001 1031 3064 superlativum
1051 2999 1094 3047 &
1113 2999 1496 3061 supralatinum
1520 2998 1839 3047 vocabulum
1864 3004 1922 3047 ut
1945 2997 2072 3047 huic
2091 2998 2237 3046 satis-

577 3078 811 3139 faciam),
838 3076 989 3126 vides
1012 3083 1070 3126 tu
1100 3077 1211 3138 jam
1246 3070 1379 3135 quid
1414 3075 1480 3123 511
1515 3091 1578 3123 ex
1614 3075 1871 3136 Epistolis
1896 3074 2059 3136 Tullij
2086 3073 2240 3123 fami-

577 3155 799 3204 liaribus
825 3155 1078 3215 colligere
1101 3143 1323 3214 phrases
1357 3152 1639 3213 plusquam
1671 3150 2001 3199 familiares?
2037 3152 2103 3199 In
2138 3149 2239 3199 isto

579 3231 758 3280 videre
776 3238 930 3293 potes
943 3231 1167 3291 qualem,
1185 3245 1270 3278 me
1288 3228 1525 3286 absente,
1545 3228 1799 3276 Parillum
1817 3244 1990 3277 meum
2009 3227 2207 3276 efficias
2226 3243 2236 3274 :

579 3309 703 3358 volo
725 3314 781 3356 vt
799 3308 1091 3369 elegantias
1110 3305 1504 3363 selectissimas,
1525 3310 1846 3366 purpuratas
1870 3303 2236 3363 50111011110135,
