2444 4140
541 412 610 453 20
984 391 1299 446 Pedantius
1324 393 1405 446 A.
1435 402 1507 445 ΙΙ.
1536 393 1627 447 Se.
1651 403 1695 446 Ι.

533 550 772 600 defectus
808 557 847 600 δε
882 563 1025 596 error
1059 551 1264 596 naturae
1296 547 1650 609 particularis.
1690 548 1813 596 Peri
1854 554 1911 597 tu
1948 549 2192 599 omnium

528 627 670 687 <infra
694 626 958 687 sphaeram
987 625 1165 673 Lunae
1184 624 1525 674 existentium
1549 623 1926 686 perditissime,
1950 626 2043 686 qui
2067 642 2192 675 con-

531 702 871 765 templativos
907 701 1125 762 spolias.
1162 701 1383 749 Vtinam
1414 718 1555 762 grave
1595 705 1724 749 tuum
1762 703 1815 749 de
1849 718 1974 750 cruce
1999 702 2194 764 feratur

531 778 796 840 deorsa[m],
821 783 912 827 aut
929 777 979 825 in
1003 777 1099 839 ipso
1123 777 1203 825 lzoc
1232 782 1572 837 izuizcarescat
1591 777 1688 825 tibi
1711 776 1998 827 humidum
2026 778 2191 829 radic-

397 858 489 921 675
534 858 633 906 ale.
679 856 858 918 Quam
899 871 998 915 ego
1038 855 1232 903 tremui
1266 859 1427 912 totus,
1473 870 1541 902 ne
1581 870 1708 903 ense
1748 871 1847 904 suo
1895 862 2195 916 penetraret

532 932 927 982 dimensionem
974 930 1185 979 meam!
1234 930 1454 979 Vtinam
1501 946 1601 991 ego
1640 929 1802 980 hodie
1848 931 2028 993 potius
2068 949 2193 982 cum

532 1014 749 1059 centum
775 1007 936 1056 simul
963 1006 1215 1068 capitosis
1241 1006 1496 1069 sophistis
1520 1005 1879 1069 disputassem
1905 1008 1961 1056 in
1995 1008 2195 1058 scholis

529 1085 763 1148 publicis
787 1084 1000 1142 nostris,
1029 1082 1192 1133 modo
1227 1084 1386 1134 vnius
1420 1082 1582 1137 huius
1614 1085 2031 1146 strangulatorium
2054 1102 2194 1147 argu-

529 1161 767 1223 mentum]
794 1161 1100 1210 evitassem.

394 1243 488 1290 680
593 1240 714 1288 Ped.
744 1238 1018 1301 Quoniam
1054 1237 1279 1286 mortale
1313 1242 1468 1287 tuum
1501 1243 1691 1300 pectus
1726 1238 1902 1300 coegit
1937 1239 2052 1288 auri
2086 1240 2193 1288 mei

529 1332 678 1365 sacra
707 1314 877 1363 fames
913 1315 1082 1377 (Sacra
1115 1331 1211 1376 per
1245 1314 1553 1373 antithesin,
1580 1315 1665 1364 vel
1699 1316 1898 1364 Sacrum
1933 1323 2009 1364 est
2045 1315 2193 1377 quod

524 1393 640 1454 Dz‘js
673 1391 840 1454 inferis
872 1392 1099 1452 devotum)
1141 1397 1286 1453 opto,
1323 1397 1379 1440 vt
1413 1390 1675 1452 quicquid
1708 1392 1960 1453 tetigeris,
1999 1410 2190 1442 aurum

528 1469 706 1519 statim
731 1468 839 1517 fiat.
865 1469 990 1517 Hoc
1009 1474 1066 1518 tu
1085 1468 1308 1518 fortasse
1327 1468 1645 1530 praeclarum
1663 1473 1896 1530 putares,
1921 1468 2015 1518 sed
2035 1486 2190 1518 even-

529 1547 626 1595 iret
664 1552 780 1595 tum
815 1545 930 1604 tibi,
974 1544 1122 1606 quod
1154 1545 1310 1594 Mz‘dae
1344 1545 1519 1607 (cuius
1560 1545 1721 1594 etiam
1768 1545 1940 1594 obiter
1986 1546 2190 1595 vtinam

393 1625 484 1674 685
531 1623 798 1673 auriculas
818 1621 1062 1683 haberes)
1085 1621 1327 1685 Quifame
1339 1621 1536 1684 peribat,
1558 1624 1681 1683 quod
1698 1639 1810 1670 auro
1829 1622 1945 1670 vesci
1959 1623 2188 1684 nequibat.

531 1699 638 1750 Sed
651 1699 809 1748 video
824 1700 935 1760 jam
955 1716 1209 1760 campum
1230 1699 1286 1747 in
1305 1715 1413 1759 quo
1434 1700 1670 1748 exultare
1691 1698 1788 1761 [39]
1809 1700 1978 1761 possit
1992 1700 2159 1749 oratio
2178 1717 2188 1748 :

528 1784 580 1826 te
608 1776 985 1826 Mercurialem
1010 1776 1143 1837 (non
1167 1775 1348 1836 quoad
1373 1776 1634 1837 linguam,
1656 1775 1751 1825 sed
1775 1775 1952 1837 quoad
1977 1776 2191 1839 manus)

527 1859 722 1904 vexent
746 1870 933 1902 saxum
959 1853 1180 1912 sitisque
1206 1852 1438 1912 Tanta1i,
1469 1853 1672 1902 Ixionis
1695 1859 1810 1901 rota
1833 1870 1970 1915 vaga
1992 1871 2191 1921 vagum

527 1937 791 1992 torqueat,
831 1929 1047 1978 Charon
1086 1929 1315 1991 remiges
1356 1930 1483 1979 Orci
1519 1929 1892 1991 Phlegetontis
1927 1931 1982 1979 in
2016 1930 2215 1980 undas

391 2011 486 2071 690
529 2007 746 2066 deferat,
781 2006 875 2067 qui
908 2005 1102 2055 falcem
1136 2012 1286 2056 tuam
1321 2023 1498 2055 meam
1533 2007 1590 2055 in
1629 2023 1860 2055 messem
1901 2007 2188 2056 immisisti.

531 2084 668 2133 Mihi
692 2090 874 2132 tamen
909 2099 1021 2132 non
1056 2083 1297 2145 eripuisti
1332 2082 1572 2132 divinam
1607 2084 1774 2132 animi
1809 2085 2186 2145 constantiam,

527 2162 776 2223 pessime,
805 2177 917 2210 non
941 2160 1239 2219 scientiam,
1266 2176 1379 2209 non
1409 2159 1770 2222 prudentiam,
1798 2177 1910 2209 non
1941 2161 2190 2211 virtutem

528 2238 698 2288 ullam
717 2237 969 2298 denique.
1001 2236 1163 2300 Quod
1187 2236 1254 2286 de
1277 2237 1450 2285 Attilio
1472 2238 1654 2299 Regulo
1679 2236 1883 2301 dictum
1909 2237 2187 2294 diuinitus,

589 2316 712 2364 Dro.
749 2316 821 2363 At
860 2314 993 2363 mihi
1034 2314 1229 2376 eripuit
1267 2313 1618 2373 liberalitatis,
1657 2314 1754 2362 etsi
1794 2331 1906 2364 non
1945 2314 2191 2365 habitum

395 2392 486 2455 695
533 2393 730 2455 ipsum,
757 2398 939 2440 tamen
963 2395 1111 2440 actum
1136 2391 1194 2439 (g.
1217 2391 1535 2440 instrumenta.
1566 2392 1710 2441 Nam
1746 2398 2035 2441 evacuatus
2070 2409 2190 2441 sum

531 2486 630 2531 ego
656 2468 824 2530 (quod
850 2474 929 2517 est
952 2474 1138 2518 contra
1163 2485 1381 2518 omnem
1406 2467 1754 2530 medicinam)
1778 2469 2065 2517 radicaliter.

595 2547 715 2596 Ped.
745 2546 950 2596 Eamus
975 2546 1113 2594 intro
1138 2562 1206 2594 ne
1230 2544 1319 2594 hic
1352 2544 1574 2595 fortasse
1609 2544 1789 2596 denuo
1823 2562 1923 2595 nos
1958 2544 2191 2594 invadat.

911 2678 962 2731 A
977 2682 1096 2732 ctus
1121 2677 1401 2732 secundus
1431 2694 1446 2732 .·
1474 2677 1653 2732 Scena

1175 2818 1377 2867 Prima.

391 2964 485 3013 7oo
936 2951 1240 3000 CROBOLVS.
1269 2949 1615 3000 Tvsc1D1LLA.

593 3083 739 3146 Quid
764 3100 967 3143 censes,
995 3100 1116 3132 mea
1141 3083 1456 3143 Tuscidilla,
1484 3100 1666 3133 nonne
1701 3083 1980 3134 conditum
2011 3087 2187 3135 suavi-

462 3226 470 3231 ,
529 3166 607 3208 ter
630 3160 733 3208 hoc
758 3160 1068 3209 convivium
1095 3159 1193 3221 [40]
1220 3159 1508 3209 dedimus?
1529 3177 1634 3209 vna
1664 3177 1787 3210 cum
1814 3178 1935 3210 esca
1964 3161 2186 3211 hamum

531 3237 752 3295 voravit,
786 3237 1007 3298 jamque
1041 3253 1161 3285 mea
1195 3242 1273 3285 est
1310 3235 1485 3298 Lydia
1518 3253 1528 3285 ε
1557 3236 1641 3287 Tu
1676 3237 1821 3288 cibos
1853 3238 2056 3298 dulces,
2085 3255 2184 3300 ego

529 3311 728 3361 blanda
752 3312 914 3362 verba
938 3311 1081 3362 dedi.
