2444 4140
821 421 1130 481 Pedantius
1155 421 1235 475 A.
1263 429 1359 475 IV.
1383 420 1473 476 Sc,
1508 429 1570 475 V.
1984 420 2053 476 65

485 576 586 626 Gil.
611 575 747 634 Vah,
770 575 1055 625 consilium
1078 574 1334 634 validum,
1357 591 1497 637 saepe
1518 590 1635 637 eg0,
1656 575 1792 624 istuc
1814 574 2052 635 venienS,

257 653 377 703 2285
421 652 617 701 talibus
641 652 829 700 illusus
853 668 971 700 sum
1006 650 1160 700 dolis.
1189 651 1324 700 Siste
1358 649 1583 712 gradum
1606 667 1739 713 puer
1765 667 1776 699 :
1802 651 1912 700 scio
1936 667 2053 713 ego,

422 745 583 789 quem
607 728 815 789 quaeris,
843 727 935 776 ubi
960 732 1054 775 est.

481 805 611 852 Lud.
640 805 802 853 Dicas
835 803 994 864 igitur
1027 803 1220 862 statim,
1248 802 1468 852 obsecro
1497 819 1508 852 ε
1547 803 1802 856 molestus
1836 820 1892 853 es
1927 803 2058 854 istac

422 896 588 929 mora.

486 956 586 1005 Gil.
616 956 876 1004 Converte
899 960 950 1003 te
974 955 1126 1014 istuc,
1154 955 1286 1019 quin
1309 955 1438 1004 istac
1472 955 1712 1016 inquam.
1741 955 1807 1004 In
1840 954 1945 1004 illis
1979 960 2058 1005 est

258 1047 382 1093 2290
406 1030 645 1081 aedibus,

484 1108 614 1156 Lud.
643 1106 763 1166 Die,
790 1105 936 1167 quod
959 1122 1106 1168 rogo,
1134 1105 1256 1155 Scio
1286 1105 1430 1154 enim
1463 1104 1551 1155 hic
1583 1105 1821 1155 habitare
1848 1122 1860 1155 z
1889 1105 2059 1156 Ludis

424 1199 509 1232 me
534 1183 692 1244 igitur
715 1182 957 1243 quisquis
981 1199 1054 1230 es.
1080 1181 1185 1230 Vbi
1204 1181 1314 1244 jam
1339 1181 1456 1230 est?

489 1259 590 1308 Gil.
639 1259 756 1307 Nec
800 1264 857 1308 tu
902 1258 1058 1316 nosti,
1101 1256 1362 1306 obsecro?
1406 1257 1583 1323 Quam
1630 1262 1800 1308 astute
1842 1257 2059 1308 simulat

424 1334 578 1384 simia
600 1334 610 1382 l
1167 1335 1170 1338 ⁴

261 1410 383 1473 2295
487 1412 617 1459 Lud.
647 1410 790 1458 Novi
815 1415 952 1458 certe
976 1407 1395 1469 quodammodo,
1413 1408 1624 1458 ‘scilicet
1645 1408 1920 1459 hominem
1945 1425 2059 1458 esse

426 1492 494 1545 te,
522 1503 632 1534 non
655 1491 923 1544 truncum,
950 1501 1061 1533 non
1083 1483 1336 1546 lapidem,
1364 1500 1474 1533 non
1496 1484 1688 1543 lutum,
1709 1500 1820 1533 non
1842 1484 2059 1534 brutum

427 1562 549 1623 (nisi
572 1561 705 1610 forte
729 1561 801 1609 sis
826 1559 1120 1623 Oppidanus)
1144 1576 1319 1621 neque
1342 1575 1467 1608 vero
1490 1558 1784 1619 foeminam,
1811 1565 1870 1612 ut
1892 1560 2060 1622 suspi-

427 1654 534 1696 cor,
561 1654 660 1686 nec
682 1653 927 1699 puerum,
954 1636 1055 1684 nisi
1080 1635 1317 1684 moribus
1339 1634 1577 1684 fortasse.

492 1713 592 1762 Gil.
620 1713 667 1761 O
691 1729 918 1774 puerum
953 1710 1323 1772 castigandum
1346 1710 1355 1758 Ι
1384 1710 1778 1773 Ob-[131]serva
1801 1728 1886 1760 me
1909 1710 2060 1774 dilig-

263 1791 386 1841 2300
430 1790 604 1838 entius
626 1789 808 1850 paulo.
837 1786 1087 1836 Necdum
1112 1787 1251 1835 nosti
1272 1786 1291 1834 ?

488 1866 618 1914 Lud.
649 1864 775 1912 Non
799 1880 854 1912 es
888 1869 1026 1912 certe
1054 1862 1365 1924 peregrinus
1388 1861 1534 1920 (nam
1569 1867 1809 1913 ocreatus
1843 1879 1953 1912 non
1987 1862 2063 1923 es)

429 1957 529 1990 nec
552 1939 741 1989 doctus
765 1939 911 2001 (novi
934 1939 1076 1988 enim
1107 1938 1397 1988 clarissime
1431 1954 1674 1999 quosque
1709 1937 1933 1999 doctos).
1962 1939 2064 1988 Dic

430 2017 588 2078 igitur
611 2016 731 2076 quis
755 2015 848 2064 es?

493 2092 594 2141 Gilx.
624 2093 741 2140 Imo
765 2090 954 2140 doctus
979 2107 1115 2140 sum.
1145 2090 1273 2139 Non
1295 2088 1444 2139 vides
1466 2089 1663 2139 librum
1696 2089 1842 2139 hunc
1860 2089 1879 2138 ἓ
1900 2090 2064 2140 Volu-

264 2168 384 2220 2305
431 2185 555 2217 men
579 2167 759 2229 magni
782 2167 953 2228 pretij.

488 2245 619 2293 Lud.
650 2243 854 2304 Nugari
878 2242 966 2292 hic
990 2241 1121 2291 mihi
1145 2247 1321 2291 tecum
1346 2257 1457 2290 non
1480 2246 1559 2289 est
1582 2241 1749 2290 otium
1772 2256 1783 2290 :
1803 2256 1972 2303 apage
1994 2246 2063 2292 te.

495 2319 596 2368 Gil.
616 2319 732 2367 Nec
748 2317 1035 2366 meministi
1050 2317 1247 2378 caligas
1262 2317 1387 2365 istas
1403 2315 1546 2366 unde
1563 2316 1858 2379 acceperis?
1873 2315 2067 2366 Adhuc

377 2420 391 2432 ·
430 2394 575 2444 haud
601 2400 792 2456 emptae
817 2399 941 2442 sunt
968 2409 978 2440 :
1006 2409 1129 2441 nam
1153 2393 1382 2454 pretium
1406 2408 1517 2440 non
1541 2398 1619 2441 est
1642 2392 1895 2442 solutum.

491 2472 622 2520 Lud.
651 2470 731 2518 O!
769 2468 928 2518 credo
968 2485 1053 2517 me
1094 2467 1389 2517 somniasse
1423 2468 1533 2530 jam
1574 2466 1684 2517 diu.
1720 2466 1944 2516 Videon'
1967 2483 2067 2531 ego

266 2549 388 2598 2310
432 2552 775 2595 mercatorem
803 2550 1041 2593 nostrum
1065 2543 1423 2606 pannarium?
1456 2543 1669 2592 Salvere
1702 2548 1753 2591 te
1782 2542 1944 2604 jubeo
1976 2559 2067 2605 op·

431 2622 752 2686 pidanorum
787 2626 1106 2678 nostrorum,
1149 2619 1242 2679 qui
1276 2625 1416 2677 sunt,
1453 2619 1652 2679 quique
1690 2617 1918 2677 fuerunt,
1958 2634 2067 2667 om-

432 2699 582 2748 niurn
622 2696 1091 2759 optime-maxime.
1137 2694 1333 2757 Quaeso
1368 2694 1526 2755 igitur
1562 2710 1657 2755 per
1692 2699 1840 2742 tuam
1878 2693 2067 2743 hones-

434 2780 615 2832 tatem,
636 2789 756 2834 quae
779 2789 890 2821 non
913 2773 1047 2820 solet
1070 2786 1377 2831 quenquam
1400 2769 1599 2827 fallere,
1626 2769 1748 2827 (nisi
1773 2768 2064 2829 credentes,

435 2855 526 2900 aut
548 2847 824 2909 debentes)
849 2848 996 2896 mitte
1015 2847 1166 2909 jocos
1189 2845 1304 2904 hos,
1331 2844 1374 2892 &
1397 2844 1544 2894 dicas
1567 2843 1783 2895 tandem
1815 2845 1951 2894 serio
1974 2844 2068 2895 ubi

272 2926 392 2976 2315
437 2932 515 2974 est
539 2925 833 2974 Pedantius
858 2923 1047 2972 meus?

500 3001 600 3049 Gil.
630 3001 738 3049 Hic
762 3005 856 3058 est,
882 2997 1021 3048 vide.
1051 2998 1173 3047 Hac
1204 2998 1259 3047 in
1291 2996 1487 3060 pagina
1521 2996 1681 3046 cubat
1717 3012 1728 3045 ε
1764 2995 1807 3044 &
1839 2995 2066 3046 nimium

438 3076 530 3127 diu
554 3076 843 3126 recubavit.
1334 3109 1339 3113 -

496 3154 627 3201 Lud.
666 3153 974 3201 Excitemus
1008 3166 1149 3199 eum.
1190 3150 1281 3198 Ho
1322 3147 1770 3210 Praecep-[132]tor
1809 3148 2070 3211 expergis-

435 3245 568 3287 cere,
597 3245 752 3290 surge
777 3227 1027 3292 Domine,
1052 3226 1194 3283 fures
1219 3225 1273 3276 in
1297 3242 1395 3275 nos
1419 3225 1640 3281 irruunt,
