2444 4140
866 421 1176 476 Pedantius
1199 424 1279 477 A.
1306 432 1351 475 Ι.
1370 423 1462 477 Se.
1490 432 1563 475 ΙΙ.
2020 444 2055 495 9

481 573 591 622 Cro.
618 573 962 634 Progredere.

284 647 373 709 275
477 649 599 696 Dro.
629 649 842 708 Nonne,
870 649 1017 710 quod
1040 657 1118 699 est
1140 651 1349 710 melius,
1378 650 1432 700 id
1456 657 1534 700 est
1557 651 1830 700 nobilius?

483 724 593 772 Cro.
622 725 707 773 Do
732 723 786 773 id
808 725 922 773 tibi.

480 800 602 847 Dro.
631 800 701 848 Et
723 801 888 848 animi
911 800 1054 849 bona
1076 802 1297 850 meliora
1319 819 1482 862 quam
1506 803 1779 864 corporis?

483 874 593 923 Cro.
623 876 820 925 Procul
844 875 1028 925 dubio.

480 951 602 997 Dro.
630 951 700 998 Et
733 952 826 1010 qui
859 952 1024 1000 animi
1056 951 1333 1013 possident
1365 953 1525 1011 bona,
1563 954 1809 1002 meliores
1843 954 1922 1015 ijs,
1965 954 2058 1014 qui

288 1026 379 1074 280
421 1026 672 1073 externa?

485 1100 595 1148 Cro.
624 1101 917 1151 Conclude.
1318 1165 1320 1167 Ι

480 1176 603 1223 Dro.
642 1177 770 1225 Huc
809 1193 933 1238 ergo
973 1176 1191 1227 demum
1232 1177 1519 1228 deventum
1561 1185 1655 1238 est,
1698 1179 2059 1241 Philosophos

423 1251 628 1299 coeteris
652 1252 958 1301 nobiliores.
1407 1249 1419 1254 χ
2105 1249 2107 1251 ’

413 1379 417 1381 ,
487 1325 596 1374 Cro.
627 1327 1016 1377 Falsissimum.

287 1401 377 1451 285
481 1403 603 1450 Dr0.
630 1402 754 1451 Tibi
777 1404 958 1452 nullus
983 1410 1061 1452 est
1083 1420 1271 1454 sensus
1305 1405 1623 1463 communis,
1652 1421 1815 1466 negas
1845 1406 2059 1455 conclu·
2112 1434 2116 1439 ·

422 1477 628 1526 sionem
648 1478 667 1524 ?

485 1554 594 1602 CrO.
623 1553 745 1602 Tibi
768 1555 951 1603 nullus
981 1560 1060 1603 est
1091 1571 1279 1604 sensus
1312 1556 1575 1617 proprius,
1602 1555 1880 1605 concludis
1913 1554 2060 1616 quod

421 1645 532 1677 non
554 1629 791 1690 probasti
810 1630 828 1676 ?
851 1629 949 1691 [17]

481 1706 603 1752 Dro.
631 1704 751 1753 Oh!
779 1705 1013 1766 opinaris
1034 1704 1254 1754 fortasse
1278 1721 1377 1753 nos
1410 1705 1762 1767 philosophos
1792 1723 1903 1755 non
1931 1722 2059 1768 prae-

288 1796 379 1840 290
422 1785 557 1828 stare
581 1781 787 1828 coeteris
811 1786 1072 1840 quantum
1091 1780 1159 1829 ad
1177 1781 1456 1829 animum?
1480 1781 1748 1839 ProbabO,
1770 1782 1814 1830 si
1833 1798 2059 1842 negaue-

421 1855 492 1903 ris
514 1871 526 1914 ;
553 1855 671 1916 Ego
696 1872 815 1904 sum
839 1861 1054 1917 paratus
1078 1855 1147 1904 ad
1171 1857 1368 1904 omnia.

485 1931 595 1979 Cr0.
624 1932 742 1992 Ego
766 1930 986 1991 quidem
1017 1947 1186 1992 genus
1219 1931 1323 1980 hoc
1356 1931 1638 1980 hominum
1673 1932 2059 1993 speculativum

419 2007 731 2067 pessimum,
774 2006 1068 2066 sordidum,
1111 2007 1520 2068 ineptissimum,
1568 2008 2059 2068 arrogantissimum

424 2082 684 2131 existimo.

289 2156 379 2218 295
484 2159 605 2206 Dr0.
635 2160 749 2206 Iam
767 2159 1179 2209 v'conuitiatorem
1203 2158 1316 2219 agis
1339 2157 1383 2204 &
1406 2174 1461 2206 es
1485 2157 1788 2219 impudens.

488 2234 596 2282 Cro.
622 2233 773 2283 Idem
792 2241 871 2283 est
887 2251 948 2282 ac
967 2235 1011 2282 si
1030 2251 1114 2282 me
1132 2233 1516 2295 philosophum
1536 2233 1699 2293 dicas,
1722 2251 1845 2283 cum
1865 2235 2064 2283 conuit-

425 2309 645 2357 iatorem
670 2310 926 2371 appellas.

485 2386 606 2432 Dro.
634 2385 750 2433 Etsi
774 2385 927 2434 irasci
961 2401 1071 2433 non
1104 2401 1342 2446 possum,
1369 2385 1496 2445 quia
1522 2384 1894 2446 philosophus,
1922 2401 2060 2434 com-

375 2455 378 2458 *
425 2476 647 2518 moueor
669 2466 865 2508 tamen.

291 2535 383 2583 300
490 2535 599 2583 Cro.
639 2535 818 2583 Etiam
849 2536 933 2584 vel
972 2535 1144 2584 furere
1182 2534 1584 2596 philosophum,
1620 2552 1731 2584 non
1769 2541 1848 2584 est
1884 2540 2063 2584 motus

424 2617 606 2659 contra
630 2617 892 2660 naturam.

486 2688 606 2734 Dr0.
627 2687 902 2748 Quantum
920 2687 1018 2735 bos
1037 2687 1206 2735 maior
1222 2692 1301 2735 est
1318 2686 1506 2744 culice,
1522 2692 1728 2736 tantum
1748 2687 1911 2735 anteit
1926 2686 2062 2748 phil-

427 2762 662 2823 osophus
685 2762 975 2823 plebeium.
1006 2762 1121 2810 Nos
1145 2761 1212 2810 ad
1235 2778 1330 2810 vos
1361 2778 1546 2810 sumus
1569 2761 1722 2822 quasi
1747 2752 1981 2811 calidum
2007 2762 2063 2810 in

428 2845 616 2897 quarto
639 2837 824 2899 gradu.
853 2837 959 2886 Sed
992 2843 1049 2886 tu
1083 2837 1305 2898 negabis
1337 2836 1557 2885 fortasse
1591 2854 1690 2886 nos
1723 2837 1855 2885 scire
1888 2838 2059 2898 plura,

293 2913 382 2962 305
427 2914 503 2961 sie
526 2930 631 2962 vno
656 2913 887 2962 absurdo
911 2912 1035 2961 dato
1059 2912 1267 2961 infinita
1290 2918 1602 2972 sequuntur.

491 2989 601 3037 Cr0.
639 2990 783 3049 Ergo
816 2989 909 3048 qui
948 3005 1114 3038 vnum
1153 2988 1314 3036 habet
1346 2986 1654 3046 absurdum,
1691 2987 1852 3036 habet
1884 2988 2064 3036 omnia

426 3063 674 3113 absurda.

487 3141 609 3187 Dro.
636 3139 720 3188 Tu
744 3140 951 3200 colligis
976 3156 1039 3188 ex
1061 3138 1311 3197 absurdo,
1333 3155 1493 3198 quem
1514 3138 1610 3199 [18]
1630 3154 1729 3199 ego
1754 3138 1865 3187 iure
1884 3138 2063 3188 absur-

428 3213 646 3263 ditatem
666 3215 837 3276 ipsam
856 3215 1068 3276 appello
1089 3215 1144 3263 in
1160 3214 1440 3262 Abstracto
1464 3230 1474 3261 ε
1498 3214 1756 3262 Concreta
1774 3213 1917 3262 enim
1934 3218 2064 3275 puta
