2444 4140
237 596 330 641 990

208 1351 327 1399 1000,

208 1714 324 1761 1005

206 2107 325 2139 1010

212 2470 328 2518 1015

207 2863 330 2898 1020

208 3224 323 3275 1025

755 425 1065 479 Pedantius
1090 426 1142 479 A
1159 468 1170 480 .
1199 436 1270 478 ΙΙ.
1296 426 1385 479 Se.
1415 434 1517 477 ΙΙΙ.
1946 440 2014 494 29

375 580 548 628 omnis
573 585 790 628 mutuus
826 596 939 627 esse
974 578 1132 627 debet
1165 579 1207 625 &
1240 493 1925 657 reciprocus.Zuapropter
1955 583 2013 626 ut

374 672 404 702 a
436 655 571 703 thesi
599 654 694 715 [56]
721 654 788 702 ad
822 654 1144 716 hypothesin
1177 655 1470 710 veniamus,
1511 670 1541 701 o
1574 653 1859 701 flexanima
1893 670 2012 701 mea

371 730 580 790 flosque
605 730 978 778 foeminarum!
1016 736 1065 778 te
1099 746 1193 791 per
1225 736 1371 778 tuam
1405 727 1859 790 pulchritudinem
1884 728 2010 789 (qua

372 806 505 854 nihil
541 823 780 865 unquam
816 805 947 853 vidit
981 807 1060 853 sol
1096 804 1449 867 splendidius)
1485 821 1594 863 oro,
1633 804 2007 864 obtestorque;

374 888 432 930 ut
473 882 729 941 quoniam
769 883 936 929 Amor
973 881 1072 930 hos
1112 882 1244 942 regit
1278 887 1421 929 artus
1462 897 1627 938 meos,
1665 879 1807 928 idem
1850 880 2008 928 etiam

371 963 524 1006 tuum
549 957 605 1005 in
639 957 816 1005 sinum
851 957 1040 1006 influat
1073 955 1140 1005 ad
1174 963 1372 1005 arctam
1407 956 1576 1017 magis
1610 956 2007 1017 copulationem

371 1039 629 1090 nostrum,
657 1032 758 1093 (vel
785 1032 970 1093 nostrj)
996 1033 1071 1081 sic
1093 1038 1148 1080 vt
1175 1031 1218 1079 ἃ
1251 1037 1307 1081 tu
1343 1032 1398 1080 in
1430 1038 1643 1093 pectore
1677 1048 1815 1090 meo,
1842 1031 1885 1078 &
1909 1047 2008 1093 ego

370 1108 426 1156 in
449 1108 768 1168 corpusculo
792 1114 884 1156 tuo
910 1107 1312 1156 tabernaculum
1337 1108 1457 1156 vitae
1475 1108 1825 1156 collocemus.

430 1184 556 1245 Lyd.
597 1183 775 1230 Aliam
814 1183 1043 1243 reperias
1083 1199 1283 1243 quaeso,
1331 1200 1494 1243 quam
1540 1182 1766 1242 illudas;
1809 1200 1908 1244 ego
1953 1183 2008 1232 id

369 1275 523 1320 agam
564 1257 751 1307 sedulo
796 1275 1022 1320 semper,
1069 1265 1123 1307 vt
1166 1258 1390 1307 honesta
1434 1260 1551 1317 sim,
1599 1265 1872 1319 utcunque
1910 1259 2007 1308 tibi

370 1333 570 1383 videor.

430 1411 552 1458 Dro.
578 1410 742 1470 Virgo
767 1409 992 1469 (videtur
1017 1410 1159 1458 enim
1185 1409 1340 1458 nobis
1365 1409 1510 1470 quod
1535 1409 1630 1471 sic)
1653 1410 1872 1459 fortasse
1897 1428 2008 1460 non

370 1485 519 1534 vides
543 1484 610 1533 ad
629 1486 797 1534 imum
817 1484 1105 1534 &fundum
1125 1502 1325 1543 eorum,
1349 1502 1469 1546 quae
1487 1485 1628 1534 dicta
1646 1493 1797 1545 sunt3
1819 1486 2006 1536 eadem

370 1578 468 1622 ego
492 1561 668 1609 dicam
691 1561 905 1622 planius
928 1578 938 1608 :
959 1561 1151 1622 pri1n0‚
1173 1562 1504 1622 generaliter,
1524 1567 1662 1623 post,
1690 1562 2003 1623 specialiter.

370 1637 699 1685 Generaliter
723 1637 797 1684 sic
821 1653 831 1695 3
859 1637 1033 1684 omnis
1057 1637 1220 1684 homo
1245 1637 1502 1698 (intellige
1526 1643 1704 1686 autem
1729 1654 1840 1686 non
1861 1638 2006 1686 hunc

370 1718 460 1761 aut
483 1712 652 1770 illum,
681 1711 774 1760 sed
799 1713 969 1773 ipsam
991 1712 1174 1773 speciem
1197 1712 1254 1759 (5⁰20
1277 1712 1682 1773 universalitatem)
1708 1719 1785 1761 est
1807 1714 2005 1761 animal

368 1787 620 1836 sociabile
645 1787 687 1834 ἃ
711 1787 1086 1848 congregabile
1111 1787 1298 1836 natura
1328 1804 1338 1835 :
1364 1787 1467 1836 hoc
1490 1794 1628 1836 tene.
1659 1789 1773 1836 Iam
1808 1789 2005 1849 specia-

367 1864 484 1911 liter
530 1879 539 1910 :
583 1863 954 1922 unusquisque
995 1862 1318 1921 desiderans,
1363 1870 1509 1925 optat
1554 1864 1654 1925 ipsi
1698 1863 2007 1914 desideratae

369 1956 583 1987 ornnem
625 1956 777 1988 suam
814 1939 966 1998 quasi
1006 1939 1350 1986 naturalitatem
1384 1939 1427 1986 δε
1462 1940 1512 1988 id
1543 1940 1692 2000 ipsum
1726 1940 1841 2000 quid
1873 1940 2010 1988 homi-

367 2015 440 2063 nis
465 2015 560 2077 [57]
597 2015 1011 2063 communicare.
1052 2015 1213 2063 Nunc
1248 2014 1315 2062 ad
1349 2015 1763 2076 applicationem
1797 2016 1954 2064 venio
1993 2031 2004 2063 z

370 2092 513 2152 Ergo
536 2091 624 2139 hic
648 2091 851 2138 amicus
876 2107 1027 2139 meus
1052 2091 1198 2151 cupit
1220 2097 1275 2138 vt
1298 2091 1363 2138 sit
1393 2091 1528 2139 inter
1560 2107 1655 2139 vos
1688 2107 1799 2139 non
1833 2092 2007 2141 solum
2068 2156 2071 2159 ,

369 2166 693 2215 sociabilitas
733 2166 832 2213 ista
871 2172 921 2214 et
954 2165 1177 2214 confusa
1211 2167 1358 2214 notio
1399 2166 1492 2214 sed
1527 2167 1685 2215 etiam
1718 2168 2008 2228 proximior

367 2243 551 2291 relatio
597 2241 843 2302 quaedam
884 2241 1215 2300 ad-invicem,
1254 2243 1395 2303 (quae
1437 2248 1552 2291 tum
1598 2242 1834 2301 efficitur,
1883 2260 2006 2293 cum

369 2318 598 2366 essentia
621 2318 781 2366 unius
804 2316 1070 2378 dependet
1094 2334 1157 2365 ex
1180 2316 1382 2378 altero),
1411 2318 1482 2366 ita
1506 2323 1563 2366 ut
1596 2334 1692 2366 vos
1726 2318 1834 2368 duo
1868 2319 2006 2367 fiatis

368 2394 548 2452 relata,
575 2409 686 2441 non
718 2399 925 2441 tantum
949 2396 1190 2441 secundam
1211 2394 1321 2451 dici,
1349 2393 1443 2442 sed
1466 2393 1510 2440 δε
1530 2397 1771 2442 seeundum
1794 2411 1896 2443 esse.
1905 2390 2007 2451 lAd

372 2469 486 2518 haec
525 2469 621 2517 tibi
660 2469 818 2517 etiam
858 2469 1214 2530 approximari
1253 2468 1516 2517 desiderat
1558 2486 1669 2518 non
1713 2470 1874 2519 modo
1913 2487 2007 2532 per

370 2550 676 2593 contactum
699 2545 957 2603 virtualem,
985 2543 1078 2593 sed
1102 2543 1144 2590 ἃ
1169 2545 1368 2592 localem.
1398 2545 1659 2594 Praeterea
1683 2546 1938 2607 coniungi
1963 2546 2006 2594 &

368 2619 659 2669 coadunari
682 2620 737 2668 in
756 2636 925 2669 unum
949 2636 1060 2668 non
1077 2620 1350 2682 contignum,
1374 2619 1467 2669 sed
1485 2621 1760 2669 continuam.
1782 2621 2000 2681 Vltimo,

366 2697 498 2758 petit
520 2702 579 2745 ut
602 2712 664 2744 ex
688 2695 900 2744 duobus
919 2712 1142 2744 numero
1161 2695 1526 2745 differentibus
1545 2696 1637 2745 fiat
1654 2713 1823 2746 unum
1842 2698 1874 2746 I
1874 2698 2003 2746 adiv-

364 2772 544 2830 iduum,
572 2770 733 2832 idque
758 2770 1197 2821 indissolubiliter
1220 2771 1605 2821 combinatum.

431 2849 551 2896 Ped.
581 2846 742 2909 Quod
775 2847 818 2895 si
851 2852 1038 2908 pectus
1076 2864 1257 2896 meum
1290 2847 1635 2897 fenestratum
1669 2853 1806 2896 esset
1839 2847 2006 2909 (quod
2073 2856 2079 2871 ’-

370 2924 586 2972 Momus
626 2923 681 2971 in
720 2922 938 2971 homine
979 2922 1265 2984 exoptavit)
1305 2940 1545 2972 cerneres
1589 2929 1721 2983 tum,
1764 2940 2004 2973 cerneres

369 2998 631 3060 (inquam)
651 2999 822 3062 fixam,
851 3000 977 3047 haud
995 2999 1173 3062 fictam.
1193 2998 1373 3057 fidem,
1401 3015 1520 3059 quae
1553 2999 1594 3047 si
1632 2999 1800 3048 oculis
1834 3015 2006 3048 cerne-

365 3080 522 3132 retur,
550 3075 819 3123 mirabiles
842 3076 1066 3123 Amores
1102 3075 1351 3123 excitaret
1374 3076 1473 3134 sui,
1500 3080 1554 3123 vt
1587 3075 1659 3123 ait
1693 3075 1865 3133 Plato,
1893 3075 2003 3124 sive

367 3150 487 3209 quis
511 3150 666 3198 alius.

428 3226 549 3273 Dr0.
595 3226 734 3287 Quia
774 3226 901 3274 nolo
940 3232 990 3274 te
1029 3226 1346 3275 hallucinari
1387 3227 1524 3275 circa
1562 3226 1707 3276 hunc
1746 3244 2002 3285 amorem,

368 3301 520 3361 quasi
542 3300 838 3362 profectum
862 3300 930 3351 ab
964 3301 1374 3364 in-[58]tentione
1398 3319 1535 3351 vana
1568 3318 1631 3351 ex
1664 3308 1811 3364 parte
1844 3303 2002 3353 amici
