2444 4140
545 349 613 410 58
936 354 1249 410 Pedantius
1274 356 1355 410 Α.
1383 351 1480 409 IV.
1508 356 1600 412 Sc.
1630 362 1726 410 JV.

601 514 720 561 Ped.
752 512 852 560 Nae
875 510 964 559 hic
988 527 1110 559 vere
1133 511 1351 572 proprio
1389 528 1474 560 me
1508 510 1690 572 gladio
1719 511 1949 573 jugulat.
1979 512 2109 561 Non
2142 511 2197 561 id

538 588 715 645 doleo,
744 587 982 636 nummis
1007 603 1094 635 me
1118 587 1252 635 meis
1277 586 1656 647 defraudarier,
1685 593 1951 648 quatenus
1977 587 2196 648 quidem

538 665 703 714 homo
744 681 882 722 sum,
925 663 1020 712 sed
1060 664 1188 724 quia
1228 662 1436 712 doctus.
1483 665 1605 712 Hos
1645 664 1790 712 enim
1831 664 2078 725 spoliare,
2121 670 2200 712 est

371 743 493 793 2035
539 742 743 803 aperire
766 739 1054 789 fenestram
1078 739 1147 788 ad
1172 756 1389 788 omnem
1416 740 1731 800 nequitiam.
1762 740 1890 801 [116]

932 818 963 866 I
965 820 1129 864 πίνακί
1147 817 1428 875 Tuscidilla,
1455 816 1634 879 Lydia.

599 895 731 942 Lud.
760 893 868 942 Sed
892 892 1103 951 cohibe,
1132 908 1335 953 quaeso,
1365 893 1490 941 istas
1526 893 1892 953 querimonias
1920 910 1930 941 :
1959 909 2059 954 ego
2083 892 2198 942 red·

538 970 663 1019 dam
704 970 800 1018 tibi
835 969 1048 1018 divitias
1081 975 1201 1018 tuas
1237 986 1248 1017 :
1286 969 1411 1017 hem
1447 969 1567 1017 illas
1601 969 1715 1018 tibi.
1747 969 1897 1017 Nihil
1933 969 2124 1019 harum
2149 976 2199 1018 te

538 1063 629 1095 ora
654 1047 943 1106 vultusque
969 1051 1254 1094 moverunt
1278 1046 1296 1093 ?

371 1141 495 1186 2040
598 1124 719 1171 Ped.
746 1122 938 1181 Video,
965 1122 1008 1170 &
1031 1128 1182 1171 taceo
1207 1139 1217 1170 ε
1240 1129 1380 1180 sunt,
1411 1122 1454 1170 &
1478 1139 1589 1171 non
1615 1129 1739 1172 sunt
1762 1122 1961 1172 divitiae
1984 1129 2197 1172 nostrae.

539 1200 851 1248 Contemnit
899 1199 1074 1261 Lydia
1128 1200 1606 1261 locupletissimum
1651 1201 1907 1249 Amorem
1953 1217 2136 1249 meum
2187 1216 2197 1247 :

537 1282 720 1324 tamen
754 1275 830 1337 (vt
862 1275 1028 1324 fatear
1062 1275 1210 1336 quod
1244 1292 1328 1324 res
1362 1275 1461 1334 est)
1496 1282 1783 1337 postquam
1820 1277 2002 1338 aspexi
2036 1276 2195 1334 hanc,

538 1353 610 1401 ita
644 1369 764 1402 sum
799 1359 1083 1411 recreatus,
1121 1358 1177 1400 vt
1211 1351 1343 1401 mihi
1380 1352 1530 1401 Deus
1569 1353 1765 1413 aliquis
1802 1352 1992 1402 fecisse
2034 1352 2198 1401 medi·

539 1429 718 1479 cinam
741 1428 1003 1478 videatur.
1029 1430 1163 1489 Age,
1191 1429 1430 1489 loquere,
1456 1434 1513 1477 vt
1535 1434 1586 1477 te
1610 1428 1843 1477 videam.

372 1555 494 1617 2045
934 1547 1119 1601 Actus
1147 1547 1420 1618 Quartus,
1450 1547 1628 1601 Scena

1179 1673 1399 1735 Quarta.

934 1791 1281 1841 TVSCIDILLA.
1443 1792 1632 1840 LYmA.

1009 1911 1206 1959 Lvmo.
1237 1911 1317 1959 PE
1324 1925 1572 1959 DANT1vs.

606 2031 667 2080 T.
695 2031 785 2080 Sic
818 2036 914 2089 est,
952 2036 1011 2079 ut
1044 2029 1172 2088 dixi,
1210 2046 1331 2078 mea
1369 2027 1560 2090 Lydia,
1598 2045 1782 2079 servus
1820 2028 1926 2088 hic,
1965 2029 2123 2092 inops
2157 2028 2200 2077 &

373 2108 498 2159 2050
540 2108 787 2171 pecuniae
819 2106 863 2154 ἃ
899 2106 1027 2169 [117]
1065 2106 1264 2167 ingenij
1306 2123 1316 2154 :
1355 2106 1444 2154 ille
1479 2106 1611 2154 alter
1645 2106 1859 2168 sapiens
1893 2105 1936 2153 δε
1973 2105 2199 2155 honora-

540 2185 664 2234 bilis
693 2201 703 2232 ε
731 2201 798 2233 ne
823 2184 1083 2245 negligas.

600 2262 727 2324 Lyd.
758 2261 827 2309 Et
861 2276 961 2321 ego
997 2265 1137 2308 certe
1174 2258 1500 2309 Pedantium
1535 2259 1700 2319 hunc,
1733 2260 1831 2309 etsi
1865 2259 2023 2322 rejeci
2058 2276 2199 2323 saepe

541 2336 710 2399 (quod
750 2338 989 2386 solemus
1024 2353 1230 2395 omnes,
1259 2336 1351 2386 ubi
1387 2353 1633 2386 amamus
1666 2335 1984 2399 plurimum)
2018 2342 2201 2386 tamen

542 2430 702 2463 exosa
727 2431 847 2464 sum
872 2430 1153 2474 nunquam
1178 2412 1436 2475 profecto.

373 2491 495 2542 2055
603 2492 734 2540 Lud.
771 2491 960 2552 Arrige
994 2507 1149 2539 aures
1179 2507 1188 2538 :
1226 2488 1406 2539 audin’
1442 2506 1563 2550 quae
1597 2490 1931 2551 loquuntur?
1961 2491 2115 2539 Vltro
2149 2495 2199 2539 te

541 2568 759 2630 appetit,
799 2567 893 2617 sed
933 2568 1178 2617 ausculta
1217 2583 1227 2615 :
1264 2567 1377 2615 noli
1412 2573 1470 2616 tu
1511 2584 1675 2626 nunc,
1713 2567 1807 2616 ubi
1846 2567 1938 2616 illa
1977 2565 2198 2616 demum

538 2646 655 2694 vult
677 2661 688 2704 3
717 2645 792 2693 sic
815 2661 912 2707 par
934 2645 1050 2706 pari
1074 2642 1284 2702 referes,
1315 2643 1463 2704 quod
1488 2660 1606 2693 eam
1631 2643 1891 2693 mordeat.

600 2722 721 2770 Ped.
752 2722 971 2783 Ignave,
999 2737 1182 2770 nonne
1201 2726 1258 2769 tu
1277 2721 1418 2769 nosti
1445 2721 1621 2782 legem
1649 2720 1866 2769 Talionis
1888 2719 2198 2769 damnatam

540 2815 655 2847 esse
681 2816 711 2847 a
737 2797 1087 2860 Philosophis
1108 2798 1126 2844 Ρ
1151 2797 1298 2859 Quin
1325 2797 1367 2845 si
1393 2796 1571 2846 adhuc
1596 2812 1714 2846 eam
1748 2813 1971 2859 possum
2007 2795 2200 2859 adipis-

373 2876 498 2925 2060
541 2876 665 2934 cier,
694 2875 738 2924 si
763 2873 985 2936 quidem
1010 2874 1190 2923 hercle
1215 2873 1349 2922 mihi
1384 2889 1610 2934 regnum
1641 2872 1813 2932 detur,
1840 2890 2122 2934 nunquam
2146 2872 2201 2922 id

538 2952 688 3013 prius
711 2968 1020 3014 persequar.

601 3029 730 3091 Lyd.
759 3027 866 3077 Sed
891 3033 1072 3077 metuo
1092 3027 1250 3086 male,
1273 3043 1341 3076 ne
1360 3027 1506 3088 (cum
1526 3026 1797 3088 repulsam
1822 3027 1977 3075 toties
2003 3024 2201 3086 tulerit)

538 3105 649 3165 jam
674 3104 895 3155 demum
918 3104 1108 3166 frigeat
1130 3109 1292 3152 totus.

603 3182 723 3229 Ped.
754 3181 1005 3243 Frigeat?
1030 3178 1193 3243 Quod
1229 3179 1315 3241 Dij
1346 3180 1569 3240 Deaeque
1604 3196 1766 3228 omen
1800 3178 2067 3229 avertant!
2094 3178 2199 3227 Ab·

376 3256 497 3308 2065
542 3274 730 3320 rumpe
755 3275 933 3308 moras
954 3256 1201 3315 Pedanti,
1222 3262 1344 3318 post
1368 3262 1447 3305 est
1471 3257 1684 3305 occasio
1703 3256 1855 3306 calva
1868 3273 1880 3317 ;
1903 3256 2003 3305 Vix
2021 3254 2200 3306 adhuc

2427 3688 2444 3844 uas-4312
2431 3648 2444 3675 ἐμ.
2431 3627 2434 3630 “
2435 3583 2444 3606 ,ι
2436 3542 2444 3559 ,ι
2437 3475 2444 3510 *21
2435 3450 2444 3455 ι
2429 3352 2444 3425 *snm
2439 3323 2444 3330 Ἰ
2434 3283 2439 3303 2*
2442 3202 2444 3206 .
2438 3103 2444 3112 ,
