2444 4140
676 456 986 511 Pedantius
1010 458 1090 512 A.
1119 467 1220 510 III.
1252 457 1342 511 Sc.
1379 465 1466 510 VJ.
1878 457 1943 526 45

307 610 518 659 videon'
543 611 689 658 illam
715 610 1034 658 exeuntem?
1059 612 1183 671 Ipsa
1213 615 1306 658 est.
1337 611 1450 658 Iam
1484 609 1668 658 videor
1701 610 1756 658 in
1790 626 1943 670 quar-

148 686 264 735 1565
308 692 415 734 tam
440 687 711 746 regionem
737 687 870 734 aeris
894 685 1213 752 ascendisse.
1892 702 1896 705 ’

368 763 489 809 Dro.
519 763 583 810 ln
609 768 850 821 quartam
885 762 1156 822 regionem
1192 762 1362 809 aeris?
1393 762 1650 810 Ausculta
1687 761 1941 820 obsecro;

313 838 556 886 Occurrit
569 838 710 885 enim
727 837 856 885 mihi
867 838 975 898 jam
992 854 1055 885 ex
1072 843 1308 898 tempore
1323 836 1684 885 substantialis
1698 836 1943 896 quaedam

309 912 574 961 subtilitas
617 930 627 960 ;
666 913 866 960 scilicet
909 913 958 960 iu
995 913 1158 974 iguem,
1202 913 1295 972 qui
1339 918 1477 960 certe
1519 912 1615 974 [89]
1662 928 1725 960 ex
1768 918 1944 960 mente

311 988 774 1045 Commentatoris,
803 987 934 1036 nihil
970 994 1047 1035 est
1081 987 1227 1036 aliud
1261 1004 1422 1047 quam
1447 1004 1535 1036 aer
1564 987 1940 1036 inflammatus.

148 1124 267 1184 1570
729 1119 910 1170 Actus
941 1121 1151 1171 tertius,
1181 1119 1357 1171 Sceuae

956 1242 1129 1290 Sexta.

770 1361 956 1407 LYDIA.
986 1359 1318 1407 PEDANTIVS.

733 1478 1126 1525 DRoMODorvs.
1158 1477 1351 1524 Lvmo.

365 1595 430 1642 L.
461 1595 560 1642 Nae
577 1594 788 1642 fortuna
806 1593 947 1655 ludis
967 1611 1051 1641 me
1077 1594 1223 1641 miris
1252 1594 1564 1653 miserisque
1594 1593 1785 1642 modis.
1809 1595 1943 1642 Haec

146 1669 262 1730 1575
309 1668 493 1718 eadem
534 1668 599 1717 de
639 1670 838 1730 nuptijs
873 1670 1080 1729 quoties
1115 1669 1308 1729 cogito,
1335 1669 1488 1716 toties
1521 1668 1743 1718 fluctuat
1775 1670 1944 1730 magis

304 1761 455 1792 mens
480 1761 598 1792 mea
621 1745 820 1792 incerta
844 1761 954 1806 spe.

367 1821 485 1868 Ped.
514 1821 656 1868 Ecce
680 1837 804 1881 ergo
829 1820 924 1868 tibi
949 1820 1368 1869 stabilimentum
1394 1820 1586 1867 mentis
1609 1825 1729 1878 tuae,
1757 1820 1812 1868 in
1836 1837 1943 1880 quo

305 1896 640 1955 acquiescere
659 1897 848 1957 possis,
870 1902 1126 1955 tanquam
1147 1896 1202 1943 in
1226 1901 1530 1956 opportuno
1555 1891 1735 1955 aliquo
1762 1896 1944 1944 Diver-

305 1972 462 2020 sorio.

146 2047 266 2095 1580
367 2048 493 2109 Lyd.
523 2046 644 2095 Tibi
668 2064 792 2096 vero
818 2048 967 2096 nulla
985 2048 1051 2095 sit
1068 2047 1236 2106 quies,
1259 2048 1351 2106 qui
1375 2064 1460 2095 me
1484 2047 1680 2106 vbique
1706 2063 1879 2095 vexas.

368 2125 486 2171 Ped.
538 2123 707 2171 Itan’?
754 2129 862 2171 tam
914 2129 1023 2171 atra
1072 2122 1233 2171 verba
1277 2139 1304 2170 e
1353 2129 1461 2170 tam
1517 2122 1709 2171 lucidis
1753 2123 1946 2184 labijs?

309 2199 548 2261 Quousque
582 2201 791 2256 taudem,
809 2198 998 2259 Lydia,
1033 2199 1209 2246 abutere
1236 2198 1461 2259 patientia
1495 2202 1646 2246 nostra
1666 2200 1691 2246 P
1714 2199 1759 2247 O
1795 2199 1943 2260 virgo

307 2274 447 2335 (quae
480 2275 626 2335 virga
661 2291 716 2322 es
750 2274 902 2335 mihi)
926 2274 1070 2335 aperi
1104 2273 1319 2322 tandem
1347 2274 1443 2336 [90]
1468 2273 1606 2322 fores
1641 2281 1943 2324 mansuetu-

306 2348 446 2398 dinis
470 2355 590 2408 tuae,
612 2355 667 2398 vt
684 2350 766 2398 vel
786 2351 897 2411 jam
921 2349 1139 2399 demum
1163 2350 1355 2398 intrare
1378 2350 1581 2411 possim
1605 2350 1660 2398 in
1683 2350 1941 2411 palatium

147 2425 267 2473 1585ι
307 2425 482 2486 regale
507 2424 680 2473 cordis
703 2424 1038 2474 divinissimi.
1068 2426 1209 2473 Nam
1234 2424 1380 2485 quod
1402 2431 1646 2486 precatus
1665 2441 1805 2486 saepe
1823 2442 1941 2474 sum

306 2517 336 2548 a
374 2499 475 2562 dijs
513 2500 919 2559 immortalibus,
962 2507 1020 2549 ut
1057 2507 1235 2549 tecum
1274 2517 1381 2550 una
1424 2501 1588 2548 multos
1624 2501 1795 2552 modios
1829 2501 1945 2549 salis

307 2578 585 2633 comederem,
635 2575 688 2625 id
732 2593 877 2625 nunc
921 2577 1057 2624 votis
1102 2583 1227 2638 opto
1271 2575 1677 2624 ardentioribus.
1726 2576 1940 2624 Etenim

309 2668 563 2701 coruscus
578 2651 769 2700 candor
789 2652 981 2700 coloris
994 2652 1070 2700 tui
1084 2651 1321 2700 cordiolo
1340 2668 1460 2700 meo
1479 2667 1693 2712 gravem
1713 2652 1940 2700 securim

312 2718 504 2775 inflixit
538 2728 732 2776 amoris
767 2728 1099 2776 amarissimi.
1139 2728 1315 2789 Quare
1350 2727 1574 2788 (deliciae
1607 2728 1813 2788 generis
1846 2727 1940 2776 hu-

150 2803 268 2864 1590
309 2804 472 2862 mani,
491 2804 711 2865 ipsaque
732 2803 924 2852 Suadae
943 2802 1196 2863 medulla)
1210 2809 1260 2852 te
1273 2820 1367 2864 per
1382 2803 1685 2865 Cupidineam
1696 2803 1941 2851 stultitiam

307 2896 499 2938 meam,
526 2896 726 2941 perque
751 2880 972 2940 gratiam
996 2886 1143 2927 tuam
1169 2880 1393 2940 supplex
1416 2878 1483 2927 ad
1507 2872 1682 2939 genua
1705 2878 1941 2940 abjectus

305 2959 396 3003 tua
426 2955 646 3003 obsecro
671 2972 832 3015 quam
866 2954 1185 3012 humillime,
1215 2961 1272 3003 ut
1295 2953 1510 3002 tandem
1534 2959 1654 3015 post
1676 2959 1753 3002 tot
1774 2960 1940 3015 temp-

309 3045 400 3077 ora
436 3029 637 3088 nubila,
672 3029 962 3079 candidum
998 3028 1340 3078 candidatum
1371 3036 1522 3078 tuum
1548 3029 1629 3090 (est
1661 3029 1739 3076 hoe
1758 3028 1942 3090 forense

303 3105 584 3166 vocabulum)
603 3105 837 3166 digneris
857 3122 967 3154 non
986 3105 1179 3164 lividis,
1207 3104 1300 3154 sed
1328 3104 1514 3166 Lydijs
1537 3105 1705 3153 oculis
1729 3105 1936 3153 intueri.

147 3178 261 3239 1595
364 3181 492 3242 Lyd.
508 3181 725 3229 Vtinam
740 3187 790 3230 te
804 3182 945 3230 oculi
961 3181 1064 3229 mei
1079 3182 1162 3230 vel
1178 3182 1502 3243 expirantem
1518 3181 1628 3242 jam
1648 3186 1937 3230 cernerent.

365 3256 483 3323 Ped.
512 3256 697 3317 Pergis
737 3273 980 3305 evomere
1013 3257 1157 3314 virus
1191 3257 1489 3305 acerbitatis
1521 3256 1663 3305 tuae?
1696 3256 1876 3305 Solem
1912 3273 1939 3304 e

304 3330 507 3381 mundo
524 3331 746 3390 tolleret,
768 3332 860 3394 qui
878 3333 1085 3382 tolleret
1102 3349 1129 3381 e
1148 3333 1255 3382 vita
1274 3331 1613 3382 Pedantium.
1631 3330 1938 3393 Aliquando
