2444 4140
225 819 344 882 2425

226 1200 349 1261 2430

230 1577 350 1639 2435

231 1972 355 2017 2440

234 2333 354 2396 2445

234 2713 358 2776 2450

241 3090 360 3153 2455

808 421 1118 494 Pedantius
1141 430 1221 493 Α.
1254 448 1312 492 V.
1341 422 1431 493 Sc.
1460 447 1532 490 ΙΙ.
1954 433 2024 509 69

447 594 569 642 Par.
599 593 742 641 Male
776 592 908 642 mihi
941 592 1023 651 sit,
1051 592 1094 641 si
1129 591 1419 652 quicquam
1444 590 1572 652 [138]
1598 591 1781 640 malim
1811 607 1821 639 :
1853 590 2018 640 beasti

389 686 473 718 me
498 670 630 717 istoc
651 668 832 727 verbo,
854 684 1087 728 namque
1112 684 1281 717 unum
1299 667 1477 716 hocin
1494 667 1630 715 votis
1654 673 1763 715 erat
1779 667 1890 728 jam
1909 666 2019 725 diu,

388 744 575 794 instrui
600 750 658 793 ut
680 760 893 806 possem
919 743 1197 806 praeceptis
1221 742 1580 803 institutisque
1603 742 1726 791 tuis.

448 821 568 869 Ped.
598 820 924 881 Proponam,
951 818 1098 880 quod
1121 819 1218 868 erit
1240 818 1283 865 &
1307 818 1445 867 aetati
1468 824 1573 867 tuae
1602 819 1954 880 aptissimum,
1980 817 2023 866 δε

391 895 694 945 authoritati
721 910 870 954 meae,
899 895 1080 944 Cedant
1099 911 1231 943 arma
1253 898 1378 956 togce,
1407 896 1616 942 concedat
1646 895 1805 943 laurea
1834 894 2019 956 lingnae.
2075 910 2103 927 ’μ’

390 971 520 1020 Serio
545 971 741 1020 irascor
756 972 788 1019 I
788 971 987 1029 uvenali,
1009 970 1102 1031 qui
1127 970 1403 1019 Poeticam
1424 970 1695 1019 Ciceronis
1717 969 2023 1020 facultatem

389 1063 500 1096 non
536 1045 803 1105 laudibus,
851 1045 945 1095 sed
989 1047 1170 1095 sannis
1214 1047 1564 1108 persequitur.
1610 1047 1675 1095 In
1718 1062 1878 1096 aureo
1922 1045 2025 1095 hoc

391 1123 651 1171 versiculo
665 1121 1089 1183 vnumquodque
1102 1122 1324 1172 verbum
1339 1128 1417 1171 est
1434 1139 1561 1171 sane
1580 1122 2022 1180 efficacissimum,

391 1197 434 1245 δε
467 1198 539 1246 ita
572 1197 851 1260 gravidum
890 1215 1265 1260 pregnansque
1306 1198 1801 1260 significationibus,
1828 1203 1887 1247 ut
1919 1203 2029 1246 erat

391 1290 561 1334 equus
586 1274 849 1336 Trojanus
866 1274 1199 1336 principibus
1219 1274 1454 1324 Graeciae.
1478 1275 1559 1323 De
1579 1274 1774 1335 quibus
1802 1273 2027 1335 singulis

391 1366 605 1412 possem
639 1349 814 1399 dicere
849 1351 1088 1412 mystice,
1114 1350 1157 1397 δι
1180 1351 1397 1412 tropice,
1424 1350 1467 1398 &
1490 1350 1797 1412 anagogice,
1824 1348 1866 1396 ἅ
1891 1364 2026 1398 mor-

393 1426 543 1474 aliter
564 1442 575 1485 ;
601 1443 786 1475 verum
811 1443 956 1476 nunc
980 1443 1134 1488 agam
1168 1426 1356 1488 pingui
1393 1426 1650 1485 Minerva,
1677 1442 1774 1488 pro
1808 1423 2029 1474 modulo

395 1502 700 1563 capacitatis
723 1508 845 1551 tuae.

454 1578 575 1625 Par.
599 1578 887 1639 Expectate
906 1578 1203 1640 plaustrum
1223 1578 1558 1639 ineptiarum,
1580 1578 1756 1626 vincet
1772 1577 1860 1626 hic
1879 1576 2027 1639 opin-

395 1653 573 1702 ionem
597 1659 842 1702 vestram.
872 1653 1007 1702 Mihi
1042 1670 1252 1703 summa
1287 1652 1588 1703 simulanda
1622 1652 1896 1714 diligentia
1930 1658 2025 1701 est.

456 1729 576 1777 Ped.
620 1729 863 1778 Primum
903 1729 1103 1791 (cedant)
1146 1735 1225 1778 est
1266 1729 1590 1778 vocabulum
1634 1729 1946 1787 violentum,
1987 1726 2031 1775 δε

395 1803 552 1853 debet
584 1805 927 1866 pronunciari
962 1804 1310 1867 emphaticam,
1353 1821 1476 1854 curn
1517 1805 1805 1865 maJ'estate,
1846 1809 2030 1865 aptum

397 1886 475 1928 est
498 1880 758 1942 imprimis
782 1879 849 1929 ad
873 1881 1054 1929 stilum
1077 1879 1334 1942 grandem
1359 1898 1421 1929 ac
1447 1880 1872 1942 Imperatorium,
1898 1878 1941 1926 &
1964 1878 2032 1928 ab

397 1956 500 2004 hoc
544 1962 800 2016 tanquam
846 1973 877 2004 a
922 1955 1098 2005 radice
1144 1955 1271 2018 [139]
1317 1955 1397 2018 (ut
1444 1957 1738 2016 loquuntur
1793 1953 2032 2015 Hebraei)

396 2030 701 2081 derivantur
738 2031 900 2081 verba
943 2032 1190 2093 plurima,
1239 2034 1465 2090 accedant,
1514 2034 1734 2090 recedant,
1778 2031 2028 2088 abscedant,

395 2107 642 2164 discedant,
669 2109 885 2166 secedant,
907 2107 1051 2156 &his
1069 2107 1263 2156 similia
1285 2124 1295 2155 ε
1317 2106 1581 2168 significat
1604 2113 1781 2156 autem
1805 2112 2029 2165 tanturn,

399 2199 461 2231 ac
485 2183 528 2231 si
551 2181 801 2242 dicerem,
828 2185 1000 2242 cedant,
1027 2184 1110 2232 vel
1136 2182 1178 2232 si
1203 2182 1334 2244 quid
1363 2183 1581 2244 cogitari
1614 2183 1782 2245 possit
1814 2182 2032 2232 sublim-

400 2274 499 2308 mS.

462 2334 583 2382 Par.
612 2334 749 2383 Cum
784 2333 994 2383 videam
1029 2324 1153 2383 eum
1177 2340 1449 2396 tantopere
1474 2334 1691 2393 moveri,
1719 2350 1817 2395 ego
1842 2333 2031 2396 exped-

401 2409 505 2458 iam
534 2425 544 2458 :
570 2409 725 2458 Valet
749 2401 890 2458 idem
915 2409 1061 2470 quod
1083 2412 1194 2458 dare
1217 2411 1359 2458 locum
1388 2426 1398 2458 :
1426 2410 1646 2459 annon?

460 2487 581 2535 Ped.
611 2485 674 2535 Id
699 2503 797 2547 ego
822 2485 963 2535 idem
986 2487 1150 2545 volui,
1178 2486 1271 2535 sed
1293 2492 1445 2548 gestu
1468 2485 1572 2535 hoc
1594 2486 1772 2548 potius
1805 2486 2028 2548 exprim-

399 2561 598 2610 endum
643 2563 828 2624 putavi
883 2578 1045 2622 quarn
1100 2561 1292 2610 verbis.
1341 2561 1654 2611 Proximum
1709 2561 2031 2611 vocabulum

398 2636 571 2699 (arma)
594 2638 717 2686 licet
750 2636 944 2686 desinit
976 2637 1032 2686 in
1053 2639 1118 2696 A,
1146 2653 1256 2687 non
1289 2644 1368 2686 est
1400 2643 1577 2686 tamen
1602 2637 1770 2700 (quod
1803 2637 2028 2699 dignum

403 2719 587 2762 notatu
613 2712 710 2774 est)
733 2712 996 2762 foeminini
1019 2713 1244 2774 generiS,
1261 2712 1355 2762 sed
1372 2711 1610 2762 neutrius
1631 2729 1642 2761 :
1663 2711 1817 2762 Vnde
1835 2712 2028 2774 Virgil-

399 2790 498 2848 ius,
518 2791 670 2838 Arma
692 2790 926 2850 virumque
943 2805 1050 2838 cano
1073 2806 1083 2837 :
1104 2788 1147 2836 ἃ
1165 2788 1324 2837 habet
1342 2789 1397 2838 in
1414 2788 1669 2850 singulari
1687 2788 1764 2850 (ni
1780 2786 1955 2848 fallor)
1969 2815 2030 2823 —

397 2881 613 2927 prorsus
636 2865 723 2914 hic
746 2865 920 2914 haereo
944 2881 954 2913 :
981 2864 1074 2913 sed
1097 2863 1273 2914 dicam
1296 2870 1475 2913 tamen
1498 2863 1747 2913 audacter
1768 2863 1812 2911 δε
1841 2863 2030 2924 magis·

400 2941 598 2989 traliter
619 2956 630 3000 ;
675 2957 792 2989 mea
832 2939 1050 3000 quidem
1090 2941 1349 2989 sententia
1388 2940 1452 3000 (si
1490 2939 1626 2988 bene
1671 2939 1910 2999 memini)
1950 2939 2029 2986 hoc

401 3033 598 3064 armum.
628 3015 772 3078 Quid
796 3015 971 3065 dicam
992 3016 1010 3063 ?
1032 3015 1101 3064 ha
1123 3016 1132 3063 ἕ

465 3091 584 3140 Par.
614 3091 911 3141 Infaustum
936 3091 1112 3141 hercle
1136 3091 1238 3140 hoc
1260 3091 1482 3141 verbum
1507 3096 1600 3150 est,
1627 3107 1735 3151 quo
1753 3090 1863 3152 jam
1887 3089 1974 3139 hic
1996 3106 2027 3139 a

403 3167 689 3227 tranquilla
712 3184 843 3229 pace
868 3168 1027 3216 miras
1052 3168 1106 3216 in
1130 3167 1310 3216 turbas
1335 3168 1629 3229 conijcitur.

461 3243 580 3291 Ped.
611 3242 716 3292 Sed
750 3244 928 3307 potius
951 3244 1097 3305 (nam
1131 3249 1252 3292 ante
1286 3244 1467 3307 lapsus
1502 3249 1610 3293 erat
1642 3241 1858 3307 linguae)
1889 3240 2035 3304 quod
