2444 4140
242 879 364 927 2070

243 1243 367 1305 2075

246 1999 366 2049 2085

247 2394 369 2439 2090

249 2755 368 2817 2095

785 402 1094 464 Pedantius
1118 401 1169 463 Α
1187 452 1198 462 .
1228 417 1322 463 IV.
1354 409 1444 462 Se.
1473 417 1568 462 IV.
1980 401 2049 476 59

405 563 588 625 frigeo,
631 581 693 612 ac
738 580 806 611 ne
849 563 937 611 vix
976 562 1211 622 quidem,
1257 563 1364 610 imo
1398 562 1576 623 potius
1617 560 1883 609 incalesco
1924 560 2047 621 plus

407 640 532 687 satis
556 640 726 699 magis
749 639 1045 699 magisque.

467 716 594 776 Lyd.
623 713 795 762 Credo
831 720 881 762 te
914 713 1002 762 hic
1037 713 1287 762 excubias
1321 729 1476 774 agere
1503 712 1630 773 [118]
1665 717 1943 773 perpetuo,
1971 711 2047 759 sic

407 807 615 851 semper
639 790 871 838 occurris
895 788 1043 837 mihi.

467 867 585 913 Ped.
606 865 880 924 Frequens
898 864 984 912 hic
1004 870 1322 925 conspectus
1338 870 1465 912 tuus
1484 863 1616 911 mihi
1635 863 1805 911 multo
1819 861 2047 923 jucund·

408 941 638 998 issimus,
664 940 753 988 hic
776 945 953 988 autem
985 940 1136 988 locus
1166 939 1233 987 ad
1268 938 1528 999 agendum
1562 938 1943 999 amplissimus,
1980 936 2048 986 ad

409 1015 697 1064 dicendum
724 1015 1090 1063 ornatissimus
1109 1020 1187 1062 est
1204 1015 1349 1063 visus
1370 1013 1571 1075 (Lydia
1594 1012 1628 1073 z)
1646 1012 1690 1060 81
1707 1013 1844 1062 sicut
1862 1028 2049 1061 corvos

409 1091 650 1149 cadaver,
678 1091 753 1138 sic
784 1107 869 1138 me
904 1090 1115 1138 attrahit
1146 1089 1277 1138 odor
1309 1090 1584 1140 suavitatis
1617 1095 1738 1137 tuae.
1765 1089 1931 1137 Vultu
1956 1094 2048 1137 tuo

406 1167 650 1225 ventiIor,
676 1172 933 1226 tanquam
956 1165 1172 1213 flabello
1196 1164 1509 1224 seditionis;
1543 1165 1648 1213 tuis
1682 1165 1739 1212 in
1773 1164 1959 1221 oculiS,
1987 1180 2049 1211 ac

412 1242 476 1304 (si
513 1242 593 1291 fas
632 1242 698 1290 sit
736 1240 932 1302 dicere)
972 1242 1028 1289 in
1073 1241 1270 1289 osculis
1317 1241 1474 1288 etiam
1520 1240 1713 1288 lubens
1752 1239 2048 1288 habitarem

405 1324 681 1380 perpetua
709 1317 786 1366 Te
806 1321 887 1378 per
908 1334 1032 1364 mare
1048 1321 1130 1378 per
1153 1321 1297 1364 terras
1325 1320 1406 1378 per
1431 1319 1494 1363 tot
1514 1315 1785 1363 discrimina
1805 1331 1958 1363 rerum
1980 1312 2049 1363 ad

412 1392 623 1442 Indiam
658 1409 829 1453 usque
866 1392 975 1452 (vbi
1010 1409 1134 1441 cum
1171 1391 1561 1454 Gymnosophistis
1593 1389 1941 1452 disputarem)
1965 1389 2048 1438 vel

407 1468 475 1518 ad
517 1469 755 1517 Cataiam
795 1468 936 1528 (quae
974 1484 1146 1516 novus
1186 1467 1328 1516 orbis
1367 1465 1579 1527 dicitur)
1620 1482 1882 1526 sequerer,
1910 1471 2049 1514 certe

409 1561 589 1593 comes
623 1545 679 1592 in
711 1545 796 1592 via
828 1542 1110 1601 facundus,
1147 1542 1190 1589 &
1224 1543 1335 1603 (tua
1367 1541 1585 1604 praefata
1618 1540 1791 1599 venia,
1823 1541 1865 1589 si
1900 1539 2050 1589 lubet

410 1620 634 1682 experiri
668 1618 762 1668 sed
796 1625 935 1667 certe
969 1619 1169 1680 nuptijs
1204 1634 1315 1666 non
1349 1618 1518 1673 aliter)
1541 1615 1836 1666 faecundus.
1864 1615 2048 1664 Enim-

411 1712 536 1744 vero
559 1693 802 1757 possides
825 1700 882 1743 tu
907 1711 992 1742 me
1016 1693 1059 1740 δε
1082 1700 1253 1742 totum
1279 1709 1364 1741 me
1389 1709 1512 1742 cum
1542 1691 1797 1740 membris
1819 1690 1862 1738 δι
1885 1707 2049 1739 mem-

409 1772 588 1820 branis
620 1770 871 1819 omnibus
900 1786 910 1818 :
937 1769 1033 1818 tibi
1067 1785 1153 1817 me
1188 1768 1241 1830 (o
1278 1769 1436 1817 Musa
1469 1766 1746 1827 melliflua)
1770 1765 1858 1825 do,
1885 1765 2046 1824 don0,

409 1846 566 1905 dedo,
594 1846 731 1905 dico,
760 1862 1031 1903 consecro,
1054 1843 1097 1891 &
1116 1849 1291 1892 macto
1311 1843 1469 1892 etiam
1493 1842 1562 1891 ad
1585 1859 1730 1891 aram
1754 1841 2051 1890 clementiae

408 1929 531 1971 tuae.
552 1923 740 1982 Itaque
759 1922 1012 1982 exiguum
1030 1937 1228 1969 munus
1243 1936 1366 1969 cum
1384 1918 1475 1968 dat
1491 1918 1587 1967 tibi
1604 1934 1808 1980 pauper
1825 1917 2047 1975 amicus,

411 1999 638 2060 accipito
661 1997 890 2059 placide,
916 1998 1075 2059 plene
1100 1996 1143 2042 &
1166 1994 1383 2044 laudare
1408 2000 1694 2043 memento.
1726 1992 1854 2055 [119]

478 2075 592 2122 Tus,
620 2073 809 2122 Testor
832 2089 1007 2121 meam
1033 2071 1350 2120 muliebrem
1385 2070 1718 2119 honestatem
1742 2071 1926 2129 (quam
1949 2066 2050 2116 feci

411 2166 620 2211 semper
642 2148 880 2210 plurimi)
905 2165 1016 2197 non
1038 2146 1305 2196 audivisse
1335 2163 1421 2194 me
1456 2162 1714 2205 unquam,
1741 2160 1903 2204 quem
1928 2159 2050 2191 cum

412 2227 511 2274 isto
535 2226 708 2287 possis
733 2240 1059 2286 comparare.

472 2303 598 2364 Lyd.
627 2300 711 2349 Tu
745 2300 989 2362 imperita
1025 2316 1080 2348 es
1115 2297 1428 2356 Tuscidilla‚
1464 2314 1563 2346 nec
1597 2297 1737 2346 nosti
1770 2295 2049 2344 doctorum

410 2377 648 2425 technas.

472 2454 590 2500 Ped.
621 2452 761 2513 Quia
783 2450 940 2499 video
964 2456 1015 2499 te
1037 2449 1250 2499 fraudes
1274 2449 1550 2511 suspicari,
1577 2448 1735 2497 altius
1767 2448 1930 2509 paulo
1954 2446 2052 2494 ista

413 2534 666 2589 repetam.
690 2527 826 2575 Cum
847 2527 1141 2575 aulicarum
1162 2542 1337 2574 rerum
1356 2523 1647 2582 laboribUS,
1669 2523 2052 2584 senatorijsque

414 2603 726 2652 muneribus
751 2619 921 2650 essem
948 2600 1240 2661 aliquando
1274 2600 1545 2658 liberatUS,
1572 2605 1664 2648 aut
1697 2599 1935 2656 omnino,
1962 2602 2053 2646 aut

413 2679 646 2728 maxima
668 2684 834 2740 parte,
860 2678 1016 2726 retuli
1049 2693 1134 2725 me
1159 2677 1229 2738 (te
1263 2681 1561 2733 revocante,
1589 2673 1839 2734 maxime)
1863 2672 1931 2722 ad
1955 2673 2053 2720 ista

413 2754 605 2812 studia,
634 2770 754 2814 quae
777 2753 1091 2815 plenissima
1115 2757 1239 2800 sunt
1272 2751 1484 2809 amoris,
1511 2766 1622 2803 non
1656 2750 1834 2798 inania
1866 2749 2052 2809 volup-

413 2831 551 2878 tatis.
595 2829 679 2878 Tu
720 2846 775 2878 es
811 2829 901 2877 illa
935 2828 1155 2889 parvula
1188 2827 1462 2888 piscicula‚
1506 2827 1723 2887 (Remora
1756 2824 1895 2885 mea)
1933 2839 2054 2884 quae

412 2922 497 2954 me
532 2904 599 2954 ad
633 2906 812 2954 aulam
844 2905 1043 2965 regiam
1067 2903 1199 2951 velis
1224 2901 1392 2962 (quod
1416 2902 1584 2962 aiunt)
1608 2902 1874 2961 remisque
1897 2915 2052 2961 prop-

414 2987 648 3029 erantem
674 2981 962 3029 consistere
987 2979 1207 3039 coegisti
1236 2994 1246 3026 ε
1283 2984 1506 3037 tumque
1539 2979 1706 3026 Amor
1739 2992 1891 3026 meus
1922 2974 2052 3036 (tan-

413 3073 574 3117 quam
631 3056 863 3104 Socratis
923 3055 1173 3111 Daemon)
1229 3053 1577 3102 insusurravit
1631 3051 1779 3111 mihi,
1825 3050 2052 3101 futurum

228 3118 372 3182 ι2100
415 3131 724 3192 aliquando,
761 3138 832 3189 vt,
871 3132 1007 3180 sicut
1037 3133 1171 3192 gutta
1205 3133 1336 3177 cavat
1367 3129 1578 3191 lapidem,
1622 3144 1708 3175 non
1741 3127 1802 3185 vi,
1838 3128 1914 3174 sed
1945 3129 2054 3188 saepe

414 3210 623 3265 cadendo,
652 3208 728 3256 sic
764 3223 864 3268 ego
898 3207 1061 3255 nullis
1102 3205 1321 3265 quidem
1362 3205 1494 3253 meis
1528 3204 1727 3252 meritis
1762 3203 1907 3264 (nam
1942 3218 2053 3251 non

417 3282 590 3333 audeo
622 3282 676 3332 id
710 3282 905 3343 dicere)
928 3287 1108 3331 tamen
1142 3280 1402 3330 imbribus
1435 3279 1847 3342 importunitatis
1870 3278 2052 3330 emoll-
