2444 4140
289 219 346 251 IV

506 350 658 401 Thus
681 350 738 399 in
759 351 863 399 Aet
887 351 911 399 1
927 330 1008 400 'Sc
1033 350 1057 399 1

759 441 805 489 P

618 518 847 568 maiores
869 518 948 568 tui

554 593 696 644 heris
720 594 1010 645 conueniat

446 689 592 723 nunc
616 671 826 722 dierum
849 677 1117 735 praecepta

693 749 871 811 aptius

698 842 862 876 causa

666 902 892 952 revulsae

533 979 749 1038 siccine,
776 978 1039 1029 verbero?
1097 972 1104 978 J

706 1057 851 1118 sapis

595 1132 650 1182 id
672 1132 963 1183 reformido

645 1207 702 1259 in
725 1226 913 1259 mensa

709 1286 858 1335 illam

566 1379 787 1413 venerer
810 1380 994 1413 meum

1612 520 1693 571 tui
1714 521 1944 571 maiores

1503 596 1789 647 conveniat
1812 596 2047 662 dominis

1440 678 1707 736 praecepta
1729 690 1876 723 nunc
1900 673 2109 726 dierum

1685 750 1880 800 melius

1692 826 1863 888 gratia

1469 967 1473 971 η
1663 900 1890 953 divulsae

1456 977 1656 1029 siccine
1679 979 1812 1041 agiS,
1837 979 2098 1030 verbero?

1691 1057 1867 1119 sapias

1630 1131 1920 1184 reformido

1613 1209 1672 1260 in
1693 1227 1939 1261 mensam

1704 1292 1855 1338 tuam

1559 1380 1744 1415 meum
1766 1381 1987 1415 venerer

333 1428 388 1504 “P
434 1435 679 1504 contains
724 1471 888 1516 many
930 1471 1201 1517 passageS‚
1249 1455 1542 1518 especially
1589 1471 1843 1518 passages
1888 1454 1945 1505 of
1984 1455 2265 1521 pedantry‚

280 1545 460 1595 Which
498 1561 696 1607 appear
739 1551 794 1594 to
839 1544 907 1594 be
952 1544 1359 1608 afterthoughtS‚
1403 1543 1661 1595 intended
1704 1551 1759 1595 to
1805 1545 2084 1597 introduce
2127 1547 2271 1599 fresh

279 1637 531 1687 humour.

345 1729 430 1790 By
468 1727 810 1789 comparison
849 1726 980 1776 With
1018 1727 1109 1776 the
1150 1727 1192 1777 C
1226 1733 1353 1788 text,
1391 1727 1594 1778 several
1629 1726 1688 1777 of
1716 1705 1851 1778 such
1889 1744 2144 1790 passages
2182 1746 2270 1780 are

281 1819 471 1869 shown
514 1825 568 1867 to
614 1818 679 1867 be
714 1818 971 1867 intrusive
1005 1817 1113 1868 and
1147 1823 1201 1867 to
1237 1818 1499 1881 interrupt
1530 1810 1621 1867 the
1656 1819 1961 1868 connexion
1996 1818 2054 1869 of
2083 1819 2268 1870 ideas:

281 1909 389 1960 and
412 1926 493 1959 We
518 1926 605 1959 are
629 1908 718 1959 led
740 1915 795 1958 to
819 1908 1026 1959 believe
1049 1908 1164 1959 that
1197 1909 1349 1959 other
1381 1926 1651 1972 passageS‚
1677 1909 1886 1972 though
1910 1926 2057 1960 more
2091 1912 2272 1974 neatly
2303 1915 2311 1920 '

280 1999 615 2059 introduced,
643 1999 823 2050 which
847 2016 1010 2050 occur
1033 2000 1090 2050 in
1114 2000 1159 2049 P
1186 2000 1331 2062 only,
1359 2016 1448 2051 are
1472 2000 1531 2050 of
1548 2000 1639 2050 the
1662 2016 1809 2051 same
1834 1999 2123 2051 character.

344 2092 499 2141 Clear
523 2107 671 2141 cases
696 2090 754 2140 of
771 2090 906 2141 such
929 2091 1195 2142 intrusion
1212 2107 1300 2141 are
1322 2108 1334 2140 τ

347 2183 391 2231 Ι.
417 2184 463 2231 3.
490 2182 584 2245 459
607 2187 708 2231 etc.

344 2336 467 2384 Dro,
516 2334 837 2386 Cauendum
889 2341 969 2385 est
1011 2335 1081 2385 ab
1125 2352 1189 2386 eo

282 2418 542 2472 tanquam
567 2429 598 2460 a
622 2412 937 2474 Scorpione.

343 2489 465 2538 Ped.
537 2489 655 2538 Imo
727 2487 1190 2549 quemadmodum

283 2565 376 2626 qui
421 2571 547 2615 sunt
591 2582 622 2614 a
667 2565 905 2628 Scorpiis
950 2565 1058 2625 icti,
1105 2566 1190 2615 vel

284 2641 673 2703 Scorpionibus
697 2646 776 2690 etc,

349 2733 455 2781 III.
483 2732 529 2781 5.
559 2731 695 2782 Ι5ο5.
718 2809 761 2858 C

347 2885 468 2934 Ped.
494 2884 669 2934 Video
687 2891 739 2935 te
765 2885 1067 2947 Cimmerijs
1084 2891 1195 2935 ten-

288 2961 431 3010 ebris
459 2968 786 3011 occaecatum
820 2978 936 3011 esse
964 2961 1008 3009 &
1043 2977 1197 3022 egere

291 3038 523 3087 multum
564 3038 790 3087 candela
830 3038 1028 3101 ingenij
1069 3037 1193 3087 mei.

350 3115 473 3163 Dro.
501 3113 683 3164 Tuum
718 3120 882 3176 caput
915 3129 1042 3176 ergo
1076 3130 1196 3164 can-

289 3189 571 3240 delabrum
595 3195 690 3239 est.

350 3266 473 3315 Ped.
518 3266 664 3328 Quid
709 3282 809 3329 ego
853 3266 951 3316 tibi
991 3265 1198 3317 multa?

293 3343 568 3404 Diogenes
591 3359 665 3392 eS.

350 3496 475 3545 Dro,
514 3494 701 3544 Habes
739 3501 798 3546 tu
836 3494 1196 3557 pluralitatem

292 3578 343 3621 et
366 3578 443 3620 tot
467 3578 599 3632 quot
621 3571 924 3629 verborum,
952 3569 1047 3620 sed
1080 3571 1196 3620 nul-

292 3650 495 3697 litatem
536 3647 911 3709 philosophiae.
942 3648 1019 3697 Ut
1040 3646 1195 3708 prob-

296 3741 382 3774 em
402 3731 453 3773 te
474 3723 698 3774 idiotam
723 3740 858 3783 esse,
884 3721 1150 3785 responde
1183 3739 1194 3771 :

295 3801 494 3849 Nonne
535 3800 627 3849 Sol
666 3799 762 3850 tibi
797 3799 1006 3850 videtur
1049 3797 1195 3860 bipe-

294 3875 431 3925 dalis
449 3876 468 3924 ?

1797 2257 1842 2307 P

1425 2334 1626 2384 Inserts
1648 2333 1780 2384 after
1798 2334 2093 2398 Scorpione
2111 2351 2123 2384 ε

1423 2416 1516 2462 aut
1540 2411 1667 2461 Cane
1684 2412 1864 2471 coelesti,
1886 2412 1980 2472 qui
2003 2412 2061 2461 in
2078 2410 2270 2461 diebus

1362 2487 1776 2538 Canicularibus
1822 2488 1998 2538 calore
2034 2504 2132 2538 suo
2177 2504 2269 2537 no-

1360 2564 1479 2614 civo
1520 2564 1646 2627 plus
1683 2563 1894 2615 mordet
1926 2580 2090 2625 quam
2125 2564 2269 2614 ullus

1362 2640 1509 2691 Canis
1531 2641 1783 2691 latrabilis,

1798 2807 1844 2856 P

1425 2884 1547 2935 Ped.
1572 2882 1747 2934 Video
1769 2889 1821 2934 te
1842 2883 2142 2946 Cimmerijs
2160 2889 2269 2933 ten-

1365 2961 1506 3011 ebris
1537 2966 1868 3011 occoecatum
1898 2976 2014 3010 esse
2044 2958 2088 3008 ἃ
2117 2975 2270 3021 egere

1364 3037 1599 3088 multum
1638 3036 1864 3087 candela
1902 3036 2101 3099 ingenij
2143 3037 2268 3086 mei.

1425 3114 1549 3164 Dr0.
1577 3113 1759 3164 Tuum
1793 3129 1919 3175 ergo
1953 3118 2116 3176 caput
2148 3129 2269 3163 can-

1364 3188 1648 3240 delabrum
1671 3195 1769 3240 est.

1426 3267 1548 3316 Ped.
1591 3264 1739 3329 Quid
1784 3281 1885 3327 ego
1929 3264 2027 3314 tibi
2066 3266 2273 3315 multa?

1367 3341 1641 3403 Diogenes
1661 3342 1900 3404 Cynicus
1917 3357 1992 3391 es.
2007 3341 2274 3404 Compara

1364 3416 1574 3468 dolium
1596 3417 1711 3479 tibj.

1424 3495 1549 3544 Dro,
1593 3494 1784 3544 Carcer
1828 3493 2027 3544 amoris
2065 3499 2144 3543 est
2182 3493 2273 3544 do-

1364 3570 1499 3620 lium
1521 3576 1676 3620 tuum
1700 3568 2048 3620 dolorificum.
2078 3569 2185 3620 Sed
2214 3576 2274 3621 ut

1363 3646 1588 3708 probem
1628 3652 1681 3695 te
1724 3645 1947 3696 idiotam
1992 3662 2125 3706 esse,
2166 3663 2270 3697 res-

1363 3721 1544 3784 ponde
1589 3738 1601 3771 :
1643 3738 1755 3773 non
1786 3722 1884 3774 tibi
1917 3721 2128 3774 videtur
2172 3723 2266 3773 Sol

1363 3796 1667 3860 bipedalis?

2415 4112 2428 4120 ⁴
2427 4078 2433 4087 ‘⁴
2428 4047 2434 4056 *
2429 3990 2435 4005 “”
2434 3958 2440 3972 -v'
2437 3943 2440 3946 ι
2438 3914 2442 3934 -m
2432 3747 2444 3903 k-..fflnad-1..
2440 3708 2444 3711 .
2437 3679 2444 3697 ἰ
2442 3662 2444 3664 ,
