2444 4140
379 450 450 505 94

380 589 569 644 through
590 588 683 634 Nae
704 587 848 639 above)
866 611 923 617 —
950 591 1092 627 1577
1122 585 1260 643 ergo]
1293 600 1388 643 ego
1410 586 1450 632 C
1478 611 1533 617 ——
1560 592 1706 629 1578
1740 590 2064 644 acquiescere
2095 603 2209 646 pos-

382 657 469 713 sis]
490 673 600 716 pos.
625 672 735 713 aeq.
761 655 819 701 C.
840 680 896 686 —
916 655 1220 712 opportuno]
1251 662 1503 712 oportuno
1536 656 1576 702 C
1596 681 1652 687 ——
1678 662 1827 698 1582
1858 656 2079 712 tandem]
2099 658 2212 703 deest

382 726 422 773 C
442 751 497 757 —
523 732 670 768 1583
701 725 1120 780 mansuetudinis]
1157 725 1394 771 bonitatis
1428 726 1468 771 C
1497 751 1553 756 —
1589 731 1735 768 1585
1762 725 2078 782 divinissimi]
2109 727 2211 784 dig-

380 799 572 842 nissimi
595 796 635 840 P
656 819 713 825 —-
733 809 869 852 saepe
893 794 1020 850 sum]
1043 809 1154 839 sum
1175 810 1311 853 saepe
1345 796 1384 841 C
1404 821 1460 825 —
1487 801 1634 837 1587
1659 799 1791 841 votis
1823 801 1943 852 opto
1964 796 2211 842 ardentio-

379 864 535 920 ribus]
556 865 709 910 velim
729 871 778 910 et
795 871 916 923 opto
935 872 1069 910 esset
1086 869 1137 910 in
1153 868 1439 922 propinqua
1460 869 1686 923 potentia
1700 866 1740 911 C
1760 890 1816 896 —
1837 870 1988 907 1588
2006 880 2210 922 gravem

382 934 614 990 securim]
650 949 721 991 gr.
755 949 984 980 securem
1013 936 1053 980 P
1088 950 1100 980 tv
1131 938 1414 990 graviorem
1445 935 1717 980 securimC
1737 960 1794 965 —
1819 939 1966 976 1589
1996 934 2209 991 deliciae]
2256 943 2258 945 ’

380 1005 563 1050 delitiae
585 1004 625 1050 C
645 1029 701 1035 —
727 1010 872 1046 1599
902 1004 1205 1061 Cupidineam]
1237 1005 1349 1049 deest
1367 1004 1408 1050 C
1430 1029 1486 1035 —
1514 1009 1655 1046 1594
1682 1003 1880 1060 intueri]
1910 1008 2149 1049 intuerier
2169 1004 2210 1050 C

379 1099 435 1104 —
461 1079 603 1115 1597
628 1073 933 1130 Aliquando]
956 1074 1263 1129 Aliquando,
1286 1074 1561 1131 aliquando
1593 1073 1633 1119 C
1666 1099 1722 1104 —
1748 1079 1893 1115 1598
1927 1073 2208 1129 occurrent]

380 1149 619 1189 occurent
642 1143 683 1188 P
704 1167 760 1173 —
787 1148 931 1184 1599
952 1143 1184 1199 tortores]
1207 1144 1426 1200 tortorijs
1452 1145 1492 1188 P
1513 1168 1570 1174 ——
1596 1149 1740 1185 1699
1760 1142 2049 1199 monstrosi]
2070 1158 2208 1189 mon-

381 1218 542 1258 strosa
567 1212 608 1258 C
626 1237 682 1243 —-
711 1218 855 1254 1692
878 1212 1153 1268 Maecenas]
1178 1214 1420 1259 Mecenas
1443 1213 1484 1259 C
1502 1238 1559 1243 ——
1586 1219 1729 1254 1696
1750 1213 1904 1269 radijs
1927 1212 2204 1269 nocturnis]

380 1282 776 1329 immissionibus
798 1285 907 1328 istis
930 1283 1185 1338 amatorijs
1209 1283 1248 1328 C
1268 1307 1324 1313 —-
1352 1289 1502 1324 1619
1518 1281 1641 1340 jam]
1661 1283 1783 1327 ‘deest
1799 1282 1839 1329 C
1859 1307 1915 1312 —
1941 1288 2046 1324 161
2062 1288 2089 1324 1
2123 1297 2207 1339 ge·

380 1352 599 1408 neretur]
621 1367 734 1408 gen.
754 1353 860 1409 jam
881 1352 922 1398 C
941 1377 997 1382 —-
1025 1356 1174 1394 1612
1197 1352 1351 1408 Num]
1375 1352 1494 1398 Non
1512 1353 1552 1398 C
1567 1378 1623 1384 —
1639 1358 1787 1395 1615
1807 1351 2209 1408 confortativum]

381 1422 781 1468 comfortativum
803 1421 843 1467 C
864 1446 919 1452 —
947 1427 1091 1463 1622
1111 1421 1302 1477 fabula]
1330 1421 1520 1468 fabella
1551 1422 1591 1468 C
1618 1447 1674 1453 -
1707 1427 1851 1464 1624
1883 1421 2208 1478 disceptetur]

380 1493 687 1548 disceptatur
709 1492 750 1538 C
769 1517 826 1523 —
851 1497 997 1534 1628
1021 1491 1321 1548 incredibili]
1353 1492 1465 1538 deest
1483 1492 1524 1538 C
1554 1517 1609 1523 —-
1644 1497 1786 1535 1627
1819 1490 1955 1549 quia]
1987 1495 2073 1548 qui
2094 1490 2135 1537 C
2154 1516 2210 1522 -

380 1561 545 1617 acute]
578 1563 690 1607 deest
721 1563 761 1607 P
792 1587 847 1592 -—
887 1567 1031 1603 1634
1079 1564 1184 1606 sunt
1210 1562 1270 1606 ad
1299 1561 1441 1617 finem]
1477 1562 1543 1608 ad
1581 1562 1733 1608 finem
1767 1561 2045 1607 referuntur
2080 1561 2122 1607 C
2155 1586 2211 1591 —

382 1630 597 1686 Deinde]
619 1631 817 1677 Denide
841 1632 882 1676 P
903 1656 959 1661 —
986 1637 1131 1672 1639
1154 1630 1433 1688 Ipsitatem]
1467 1632 1725 1688 Ipsitatem
1747 1648 1757 1687 ;
1788 1632 1828 1676 P
1849 1656 1905 1661 —
1933 1636 2076 1672 1643
2099 1645 2207 1676 es...

380 1700 571 1756 finium]
595 1707 671 1746 est
691 1700 731 1746 C
751 1725 807 1731 —-
834 1706 976 1742 1644
999 1700 1316 1758 supponitur]
1339 1705 1579 1759 supponit
1596 1700 1636 1747 C
1650 1725 1707 1731 —
1728 1706 1870 1742 1645
1895 1699 2207 1756 inhaesivam]

382 1775 570 1816 certam
591 1770 631 1816 C
651 1795 707 1800 -—
735 1775 879 1812 1659
900 1773 952 1814 in
981 1769 1103 1816 orbe
1134 1769 1395 1826 terrarum]
1431 1774 1483 1815 in
1517 1774 1653 1816 omni
1686 1771 1815 1817 coelo
1846 1776 1896 1816 et
1922 1776 2056 1816 terra
2086 1769 2127 1816 C
2155 1795 2212 1801 -

388 1845 531 1882 1651
567 1843 666 1885 iam
695 1839 864 1895 modo]
909 1839 1098 1886 dudum
1129 1839 1169 1885 C
1198 1865 1253 1870 —
1290 1845 1433 1881 1662
1465 1840 1829 1897 derelinquam]
1866 1840 2096 1886 deseram
2127 1845 2212 1886 aut

383 1909 744 1966 derelinquam.
769 1909 1090 1968 Quapropter
1110 1915 1223 1954 ruat
1242 1909 1432 1960 coelum,
1457 1909 1687 1955 dehiscat
1715 1909 1778 1955 ab
1811 1914 1912 1956 imo
1932 1910 2099 1960 tellus,
2117 1909 2209 1955 fre·

382 1985 521 2024 mant
541 1985 591 2024 et
607 1978 841 2024 frendant
861 1987 1036 2024 omnes
1065 1979 1199 2029 licet,
1222 1985 1275 2024 tu
1306 1985 1383 2024 est
1414 1985 1634 2024 centrum
1661 1994 1837 2029 meum,
1862 1982 1943 2025 cui
1974 1994 2075 2036 quo
2107 1994 2211 2024 sum

384 2051 714 2102 coniunctior,
734 2063 828 2104 ego
848 2051 1008 2105 magis
1026 2062 1137 2093 sum
1152 2051 1204 2093 in
1219 2048 1334 2094 loco
1350 2049 1566 2094 naturali
1583 2047 1692 2094 C-
1709 2054 1852 2091 1665
1877 2048 2207 2094 secundum...

385 2116 672 2173 absurdam]
697 2116 901 2163 desuntC
918 2141 974 2147 —-
1000 2123 1142 2158 1667
1165 2124 1241 2163 est
1263 2117 1614 2176 aequipollens]
1629 2119 1921 2175 aequipollet
1938 2118 2047 2164 C—
2067 2123 2212 2160 1679

386 2175 709 2240 μικρῦκόσμῡς]
730 2190 1091 2233 microcosmus
1122 2186 1163 2232 C
1181 2212 1238 2217 -—
1263 2193 1409 2229 1678
1441 2186 1582 2243 Lud.]
1600 2188 1715 2245 Lyd.
1740 2188 1808 2241 P;
1832 2188 1946 2245 Lyd.
1979 2187 2214 2240 (corrected

384 2259 471 2301 into
494 2271 506 2301 ε
526 2257 669 2310 Lud.)
690 2256 732 2302 C
749 2281 805 2287 —
824 2256 960 2311 licet]
980 2257 1092 2301 deest
1113 2257 1153 2302 P
1175 2282 1230 2287 -
1256 2262 1403 2298 1685
1427 2259 1532 2310 ore]
1546 2256 1594 2303 C
1625 2257 1733 2301 adds
1757 2270 1767 2300 ε
1790 2257 1947 2314 (quod
1967 2258 2080 2315 plus
2103 2257 2210 2302 mil·

383 2326 477 2372 lies
499 2326 816 2378 audivisti)—
833 2331 979 2367 1687
1002 2325 1188 2382 potest]
1205 2330 1366 2384 possit
1383 2326 1423 2372 C
1439 2350 1495 2358 —
1516 2332 1840 2368 1687-1688
1861 2327 2033 2373 Non...
2052 2340 2209 2383 prae...

383 2397 530 2448 vnus]
555 2396 674 2441 Non
705 2410 816 2440 sum
845 2410 974 2442 vnus
1006 2395 1068 2440 de
1103 2396 1289 2446 multis,
1316 2396 1406 2441 sed
1437 2411 1464 2441 e
1493 2396 1661 2441 multis
1683 2411 1811 2441 vnus
1833 2395 1874 2442 C
1893 2420 1949 2426 ——
1975 2401 2118 2438 1699
2139 2396 2211 2441 di-

383 2466 519 2518 cunt]
542 2465 713 2511 dicunt
735 2466 775 2511 P
796 2490 852 2495 —
878 2471 1022 2507 1692
1055 2480 1257 2521 quam...
1286 2465 1406 2522 pili)]
1438 2480 1589 2523 quam
1619 2469 1782 2511 crines
1812 2469 1864 2511 in
1895 2469 2059 2522 capite
2090 2464 2131 2510 C
2156 2489 2213 2495 —

390 2540 532 2576 1693
556 2535 700 2594 Quis]
724 2535 849 2594 Quis
873 2541 949 2580 est
970 2534 1010 2580 C
1029 2560 1086 2565 —
1113 2540 1255 2576 1694
1286 2535 1466 2594 Quis...
1489 2535 1695 2580 floridus
1715 2534 1747 2591 ?]
1779 2539 1890 2591 quis
1922 2541 1997 2580 est
2026 2539 2077 2580 in
2108 2535 2211 2580 dia-

382 2604 676 2650 lecticorum
706 2606 920 2650 dumetis
953 2604 1131 2650 doctus
1151 2608 1166 2647 ?
1186 2605 1226 2650 C
1246 2628 1302 2634 —
1330 2610 1473 2646 1696
1507 2603 1801 2660 Pedantius]
1823 2606 1851 2649 I
1853 2620 1881 2649 n
1903 2603 1958 2650 C.
1981 2605 2048 2649 the
2067 2603 2212 2660 speech

383 2677 421 2718 is
441 2675 697 2719 continued:
723 2678 833 2731 quis
864 2674 1096 2720 omnibus
1129 2674 1350 2730 scientijs
1385 2677 1677 2731 saginatus?
1705 2689 1872 2719 nonne
1905 2674 2214 2719 Pedantius?

384 2759 539 2801 quare
551 2759 728 2789 meum
750 2745 912 2789 vellus
937 2758 1143 2789 aureum
1175 2747 1216 2789 si
1247 2758 1445 2789 mecum
1478 2744 1656 2789 diurna
1685 2750 2030 2799 nocturnaque
2060 2757 2212 2788 manu

383 2817 573 2858 versari
594 2814 738 2864 velis,
763 2814 912 2859 docta
941 2814 1031 2859 fies
1063 2813 1179 2858 inde
1210 2817 1262 2858 in
1290 2817 1526 2858 vniversa
1559 2813 1952 2871 Encyclopaedia
1971 2837 2027 2842 ——
2053 2817 2214 2853 1697·

390 2888 533 2925 1791
559 2884 712 2928 desunt
731 2882 772 2930 C
800 2908 857 2914 ·—
884 2889 1029 2925 1792
1050 2885 1162 2936 iste]
1180 2883 1264 2928 ille
1284 2883 1325 2928 C
1346 2906 1401 2912 —-
1416 2884 1607 2939 posset]
1626 2886 1787 2938 possit
1803 2882 1843 2928 C
1861 2906 1915 2914 —
1936 2887 2080 2923 1793
2099 2896 2213 2926 eum

308 2984 313 2988 -
382 2953 664 3009 recusares]
700 2967 963 2999 recusares
1003 2952 1193 2997 nubere
1230 2952 1271 2997 C
1309 2976 1365 2982 —
1410 2957 1731 2993 1793-1794
1771 2951 2132 2998 Ciceronianus
2172 2950 2213 2996 &

383 3021 734 3076 Terentianus]
768 3023 1120 3068 Aristotelicus
1158 3027 1207 3066 et
1247 3021 1610 3067 Ciceronianus
1647 3021 1687 3067 C
1722 3046 1778 3052 -—
1817 3025 2132 3063 1794-1795
2173 3021 2214 3065 &
2279 3043 2282 3047 ·

385 3092 644 3147 plorans...
675 3093 818 3145 hora]
849 3092 1026 3137 eadem
1056 3106 1156 3149 qua
1187 3096 1333 3136 natus
1365 3097 1442 3136 est
1470 3091 1596 3136 hora
1631 3090 1806 3136 librum
1843 3097 2019 3147 poscet
2049 3090 2213 3136 darier

385 3160 479 3205 sibi
502 3161 542 3207 C
562 3187 618 3192 —
644 3166 967 3204 1796-1717
989 3163 1142 3206 Dro...
1165 3159 1361 3216 marito]
1383 3161 1535 3205 desunt
1564 3160 1605 3206 C
1624 3185 1681 3191 -
1709 3166 1858 3202 1718
1883 3158 2049 3219 Quod]
2079 3159 2212 3219 Quid

388 3230 427 3273 P
448 3255 503 3260 —
522 3233 844 3284 anatomiam]
875 3235 1182 3276 anotomiam
1214 3231 1254 3276 P
1274 3254 1331 3260 —
1358 3234 1501 3271 1729
1533 3229 1598 3285 et]
1629 3230 1740 3274 deest
1774 3230 1813 3274 P
1844 3254 1900 3259 —
1925 3234 2068 3270 1721
2103 3241 2212 3273 ner-

385 3313 530 3343 vos...
563 3300 619 3356 &]
654 3301 806 3345 desunt
843 3300 884 3346 C
918 3324 974 3330 —-
1014 3304 1324 3341 1724-1726
1361 3314 1528 3344 eum...
1567 3298 1702 3356 quia]
1739 3314 1800 3343 ex
1835 3313 1897 3344 eo
1929 3312 2042 3343 esse
2077 3297 2211 3342 hunc

386 3381 547 3413 rarum
566 3373 721 3415 virum
742 3370 880 3426 quod
897 3394 953 3400 —
978 3374 1120 3411 1727
1142 3369 1229 3425 filij
1256 3370 1330 3426 suj
1358 3368 1494 3424 huic]
1525 3372 1570 3413 ei
1600 3368 1686 3424 filij
1724 3369 1797 3424 suj
1832 3367 1873 3413 C
1892 3389 1947 3398 ——
1968 3367 2061 3418 est]
2084 3369 2147 3411 sit
2167 3365 2209 3411 C
