<?xml version="1.0" encoding="UTF-8"?>
<!DOCTYPE html PUBLIC "-//W3C//DTD XHTML 1.0 Transitional//EN"
    "http://www.w3.org/TR/xhtml1/DTD/xhtml1-transitional.dtd">
<html xmlns="http://www.w3.org/1999/xhtml" xml:lang="en" lang="en">
 <head>
  <title>
</title>
<meta http-equiv="Content-Type" content="text/html;charset=utf-8" />
  <meta name='ocr-system' content='tesseract 3.04.00' />
  <meta name='ocr-capabilities' content='ocr_page ocr_carea ocr_par ocr_line ocrx_word'/>
</head>
<body>
  <div class='ocr_page' id='page_1' title='image "./pedantiuslatinco00forsuoft_0181.png"; bbox 0 0 2444 4140; ppageno 0'>
   <div class='ocr_carea' id='block_1_1' title="bbox 1979 215 2074 268">
    <p class='ocr_par' dir='ltr' id='par_1_1' title="bbox 1979 215 2074 268">
     <span class='ocr_line' id='line_1_1' title="bbox 1979 215 2074 268; baseline -0.011 0"><span class='ocrx_word' id='word_1_1' title='bbox 1979 215 2074 268; x_wconf 82' lang='lat'>115</span> 
     </span>
    </p>
   </div>
   <div class='ocr_carea' id='block_1_2' title="bbox 136 366 2090 3115">
    <p class='ocr_par' dir='ltr' id='par_1_2' title="bbox 273 366 2077 555">
     <span class='ocr_line' id='line_1_2' title="bbox 273 366 2077 430; baseline -0.004 -11"><span class='ocrx_word' id='word_1_2' title='bbox 273 374 376 420; x_wconf 84' lang='lat' dir='ltr'><em>Cio.</em></span> <span class='ocrx_word' id='word_1_3' title='bbox 398 374 447 418; x_wconf 90' lang='lat' dir='ltr'>de</span> <span class='ocrx_word' id='word_1_4' title='bbox 467 374 594 418; x_wconf 86' lang='lat' dir='ltr'><em>Orat.</em></span> <span class='ocrx_word' id='word_1_5' title='bbox 618 373 656 422; x_wconf 90' lang='grc' dir='ltr'>Ι,</span> <span class='ocrx_word' id='word_1_6' title='bbox 680 380 721 425; x_wconf 87' lang='lat'>8,</span> <span class='ocrx_word' id='word_1_7' title='bbox 743 378 796 417; x_wconf 82' lang='grc'>32</span> <span class='ocrx_word' id='word_1_8' title='bbox 819 386 829 416; x_wconf 90' lang='lat'>:</span> <span class='ocrx_word' id='word_1_9' title='bbox 853 370 985 430; x_wconf 73' lang='lat' dir='ltr'>Quid</span> <span class='ocrx_word' id='word_1_10' title='bbox 1003 375 1154 415; x_wconf 85' lang='lat' dir='ltr'>tam...</span> <span class='ocrx_word' id='word_1_11' title='bbox 1177 373 1416 427; x_wconf 90' lang='lat' dir='ltr'>regium...</span> <span class='ocrx_word' id='word_1_12' title='bbox 1448 382 1597 425; x_wconf 88' lang='lat' dir='ltr'>quam</span> <span class='ocrx_word' id='word_1_13' title='bbox 1626 381 1775 424; x_wconf 89' lang='lat' dir='ltr'>opem</span> <span class='ocrx_word' id='word_1_14' title='bbox 1802 366 1931 411; x_wconf 80' lang='lat' dir='ltr'>ferre</span> <span class='ocrx_word' id='word_1_15' title='bbox 1965 380 2077 424; x_wconf 90' lang='lat' dir='ltr'>sup-</span> 
     </span>
     <span class='ocr_line' id='line_1_3' title="bbox 328 434 2074 497; baseline -0.004 -11"><span class='ocrx_word' id='word_1_16' title='bbox 328 442 555 497; x_wconf 82' lang='lat' dir='ltr'>plicibus,</span> <span class='ocrx_word' id='word_1_17' title='bbox 599 444 812 485; x_wconf 85' lang='lat' dir='ltr'>excitare</span> <span class='ocrx_word' id='word_1_18' title='bbox 851 440 1093 488; x_wconf 86' lang='lat' dir='ltr'>adflictos,</span> <span class='ocrx_word' id='word_1_19' title='bbox 1137 439 1254 484; x_wconf 89' lang='lat' dir='ltr'>dare</span> <span class='ocrx_word' id='word_1_20' title='bbox 1294 438 1518 487; x_wconf 91' lang='lat' dir='ltr'>salutem,</span> <span class='ocrx_word' id='word_1_21' title='bbox 1559 436 1774 481; x_wconf 88' lang='lat' dir='ltr'>liberare</span> <span class='ocrx_word' id='word_1_22' title='bbox 1820 434 2074 493; x_wconf 84' lang='lat' dir='ltr'>periculis,</span> 
     </span>
     <span class='ocr_line' id='line_1_4' title="bbox 326 511 1110 555; baseline -0.003 -1"><span class='ocrx_word' id='word_1_23' title='bbox 326 515 540 555; x_wconf 87' lang='lat' dir='ltr'>retinere</span> <span class='ocrx_word' id='word_1_24' title='bbox 560 511 786 554; x_wconf 90' lang='lat' dir='ltr'>homines</span> <span class='ocrx_word' id='word_1_25' title='bbox 807 512 859 553; x_wconf 88' lang='lat' dir='ltr'>in</span> <span class='ocrx_word' id='word_1_26' title='bbox 880 512 1077 552; x_wconf 87' lang='lat' dir='ltr'>civitate</span> <span class='ocrx_word' id='word_1_27' title='bbox 1095 512 1110 552; x_wconf 87' lang='lat'>?</span> 
     </span>
    </p>

    <p class='ocr_par' dir='ltr' id='par_1_3' title="bbox 137 574 2080 840">
     <span class='ocr_line' id='line_1_5' title="bbox 137 574 2078 635; baseline -0.003 -14"><span class='ocrx_word' id='word_1_28' title='bbox 137 585 243 621; x_wconf 66' lang='lat'>626</span> <span class='ocrx_word' id='word_1_29' title='bbox 271 582 487 635; x_wconf 77' lang='lat' dir='ltr'><em>Incipiens</em></span> <span class='ocrx_word' id='word_1_30' title='bbox 505 583 551 622; x_wconf 90' lang='lat' dir='ltr'>in</span> <span class='ocrx_word' id='word_1_31' title='bbox 572 578 650 623; x_wconf 84' lang='lat' dir='ltr'><em>hac</em></span> <span class='ocrx_word' id='word_1_32' title='bbox 677 581 769 623; x_wconf 87' lang='lat' dir='ltr'>arte</span> <span class='ocrx_word' id='word_1_33' title='bbox 796 578 862 629; x_wconf 89' lang='lat' dir='ltr'>(in</span> <span class='ocrx_word' id='word_1_34' title='bbox 889 577 1055 622; x_wconf 82' lang='lat' dir='ltr'><em>artibus</em></span> <span class='ocrx_word' id='word_1_35' title='bbox 1084 576 1154 629; x_wconf 92' lang='lat' dir='ltr'>C).</span> <span class='ocrx_word' id='word_1_36' title='bbox 1187 577 1235 621; x_wconf 94' lang='lat' dir='ltr'><strong>A</strong></span> <span class='ocrx_word' id='word_1_37' title='bbox 1263 576 1383 633; x_wconf 92' lang='lat' dir='ltr'>play</span> <span class='ocrx_word' id='word_1_38' title='bbox 1413 590 1478 620; x_wconf 91' lang='lat' dir='ltr'>on</span> <span class='ocrx_word' id='word_1_39' title='bbox 1511 574 1596 620; x_wconf 87' lang='lat' dir='ltr'>the</span> <span class='ocrx_word' id='word_1_40' title='bbox 1628 579 1755 620; x_wconf 88' lang='lat' dir='ltr'>term</span> <span class='ocrx_word' id='word_1_41' title='bbox 1781 575 1998 630; x_wconf 76' lang='lat' dir='ltr'><em>Incipiens</em></span> <span class='ocrx_word' id='word_1_42' title='bbox 2031 574 2078 616; x_wconf 90' lang='lat' dir='ltr'>in</span> 
     </span>
     <span class='ocr_line' id='line_1_6' title="bbox 326 640 2075 702; baseline -0.004 -10"><span class='ocrx_word' id='word_1_43' title='bbox 326 647 506 700; x_wconf 78' lang='lat' dir='ltr'><em>artibus,</em></span> <span class='ocrx_word' id='word_1_44' title='bbox 530 661 560 691; x_wconf 92' lang='lat' dir='ltr'>a</span> <span class='ocrx_word' id='word_1_45' title='bbox 581 646 816 702; x_wconf 87' lang='lat' dir='ltr'>qualified</span> <span class='ocrx_word' id='word_1_46' title='bbox 846 646 1109 690; x_wconf 87' lang='lat' dir='ltr'>candidate</span> <span class='ocrx_word' id='word_1_47' title='bbox 1136 644 1211 689; x_wconf 79' lang='lat' dir='ltr'>for</span> <span class='ocrx_word' id='word_1_48' title='bbox 1239 645 1325 689; x_wconf 91' lang='lat' dir='ltr'>the</span> <span class='ocrx_word' id='word_1_49' title='bbox 1356 645 1537 700; x_wconf 82' lang='lat' dir='ltr'>degree</span> <span class='ocrx_word' id='word_1_50' title='bbox 1566 643 1620 688; x_wconf 83' lang='lat' dir='ltr'>of</span> <span class='ocrx_word' id='word_1_51' title='bbox 1646 644 1836 688; x_wconf 87' lang='lat' dir='ltr'>Master</span> <span class='ocrx_word' id='word_1_52' title='bbox 1865 640 1919 686; x_wconf 80' lang='lat' dir='ltr'>of</span> <span class='ocrx_word' id='word_1_53' title='bbox 1940 642 2075 694; x_wconf 87' lang='lat' dir='ltr'>Arts,</span> 
     </span>
     <span class='ocr_line' id='line_1_7' title="bbox 327 709 2080 772; baseline -0.003 -12"><span class='ocrx_word' id='word_1_54' title='bbox 327 716 604 772; x_wconf 83' lang='lat' dir='ltr'>originally,</span> <span class='ocrx_word' id='word_1_55' title='bbox 628 729 724 759; x_wconf 93' lang='lat' dir='ltr'>one</span> <span class='ocrx_word' id='word_1_56' title='bbox 757 718 1100 771; x_wconf 91' lang='lat' dir='ltr'>commencing</span> <span class='ocrx_word' id='word_1_57' title='bbox 1127 719 1178 759; x_wconf 95' lang='lat' dir='ltr'>to</span> <span class='ocrx_word' id='word_1_58' title='bbox 1206 714 1352 759; x_wconf 89' lang='lat' dir='ltr'>teach</span> <span class='ocrx_word' id='word_1_59' title='bbox 1380 713 1538 758; x_wconf 89' lang='lat' dir='ltr'>under</span> <span class='ocrx_word' id='word_1_60' title='bbox 1568 713 1654 757; x_wconf 94' lang='lat' dir='ltr'>the</span> <span class='ocrx_word' id='word_1_61' title='bbox 1688 712 1877 756; x_wconf 90' lang='lat' dir='ltr'>license</span> <span class='ocrx_word' id='word_1_62' title='bbox 1914 709 1969 756; x_wconf 83' lang='lat' dir='ltr'>of</span> <span class='ocrx_word' id='word_1_63' title='bbox 1993 710 2080 754; x_wconf 89' lang='lat' dir='ltr'>the</span> 
     </span>
     <span class='ocr_line' id='line_1_8' title="bbox 330 786 632 840; baseline -0.01 -10"><span class='ocrx_word' id='word_1_64' title='bbox 330 786 632 840; x_wconf 86' lang='lat' dir='ltr'>University.</span> 
     </span>
    </p>

    <p class='ocr_par' dir='ltr' id='par_1_4' title="bbox 275 847 2081 979">
     <span class='ocr_line' id='line_1_9' title="bbox 275 847 2081 906; baseline -0.003 -8"><span class='ocrx_word' id='word_1_65' title='bbox 275 854 465 906; x_wconf 86' lang='lat' dir='ltr'>Nashe‚</span> <span class='ocrx_word' id='word_1_66' title='bbox 488 855 625 897; x_wconf 88' lang='lat' dir='ltr'><em>Anat.</em></span> <span class='ocrx_word' id='word_1_67' title='bbox 649 852 827 897; x_wconf 85' lang='lat' dir='ltr'><em>absurd.</em></span> <span class='ocrx_word' id='word_1_68' title='bbox 849 852 992 905; x_wconf 88' lang='lat'>(1589)</span> <span class='ocrx_word' id='word_1_69' title='bbox 1013 859 1065 905; x_wconf 85' lang='lat'>39</span> <span class='ocrx_word' id='word_1_70' title='bbox 1088 864 1097 892; x_wconf 93' lang='lat'>:</span> <span class='ocrx_word' id='word_1_71' title='bbox 1120 851 1256 895; x_wconf 83' lang='lat' dir='ltr'>what</span> <span class='ocrx_word' id='word_1_72' title='bbox 1285 865 1349 896; x_wconf 91' lang='lat' dir='ltr'>an</span> <span class='ocrx_word' id='word_1_73' title='bbox 1379 850 1614 906; x_wconf 89' lang='lat' dir='ltr'>obloquie</span> <span class='ocrx_word' id='word_1_74' title='bbox 1644 850 1788 895; x_wconf 91' lang='lat' dir='ltr'>these</span> <span class='ocrx_word' id='word_1_75' title='bbox 1820 847 2081 906; x_wconf 87' lang='lat' dir='ltr'>impudent</span> 
     </span>
     <span class='ocr_line' id='line_1_10' title="bbox 327 920 1192 979; baseline -0.002 -13"><span class='ocrx_word' id='word_1_76' title='bbox 327 925 591 979; x_wconf 90' lang='lat' dir='ltr'>incipients</span> <span class='ocrx_word' id='word_1_77' title='bbox 612 925 663 965; x_wconf 88' lang='lat' dir='ltr'>in</span> <span class='ocrx_word' id='word_1_78' title='bbox 684 921 818 975; x_wconf 89' lang='lat' dir='ltr'>Arts,</span> <span class='ocrx_word' id='word_1_79' title='bbox 841 934 926 965; x_wconf 91' lang='lat' dir='ltr'>are</span> <span class='ocrx_word' id='word_1_80' title='bbox 946 925 1066 964; x_wconf 89' lang='lat' dir='ltr'>unto</span> <span class='ocrx_word' id='word_1_81' title='bbox 1087 920 1192 965; x_wconf 88' lang='lat' dir='ltr'>Art.</span> 
     </span>
    </p>

    <p class='ocr_par' dir='ltr' id='par_1_5' title="bbox 137 988 1082 1042">
     <span class='ocr_line' id='line_1_11' title="bbox 137 988 1082 1042; baseline -0.001 -9"><span class='ocrx_word' id='word_1_82' title='bbox 137 997 243 1033; x_wconf 78' lang='grc'>631</span> <span class='ocrx_word' id='word_1_83' title='bbox 277 1006 360 1035; x_wconf 90' lang='lat' dir='ltr'>non</span> <span class='ocrx_word' id='word_1_84' title='bbox 380 990 571 1035; x_wconf 84' lang='lat' dir='ltr'><em>omnibus</em></span> <span class='ocrx_word' id='word_1_85' title='bbox 592 991 768 1034; x_wconf 87' lang='lat' dir='ltr'><em>dormio.</em></span> <span class='ocrx_word' id='word_1_86' title='bbox 791 988 889 1035; x_wconf 91' lang='lat' dir='ltr'>See</span> <span class='ocrx_word' id='word_1_87' title='bbox 910 1005 1018 1042; x_wconf 85' lang='lat'><strong>2129</strong></span> <span class='ocrx_word' id='word_1_88' title='bbox 1036 1004 1082 1033; x_wconf 89' lang='lat' dir='ltr'><em>n.</em></span> 
     </span>
    </p>

    <p class='ocr_par' dir='ltr' id='par_1_6' title="bbox 138 1059 1129 1116">
     <span class='ocr_line' id='line_1_12' title="bbox 138 1059 1129 1116; baseline -0.001 -15"><span class='ocrx_word' id='word_1_89' title='bbox 138 1066 245 1102; x_wconf 80' lang='grc'>634</span> <span class='ocrx_word' id='word_1_90' title='bbox 277 1075 354 1104; x_wconf 87' lang='lat' dir='ltr'>nos</span> <span class='ocrx_word' id='word_1_91' title='bbox 372 1075 399 1103; x_wconf 94' lang='lat' dir='ltr'><em>a</em></span> <span class='ocrx_word' id='word_1_92' title='bbox 418 1059 597 1104; x_wconf 84' lang='lat' dir='ltr'><em>stellis...</em></span> <span class='ocrx_word' id='word_1_93' title='bbox 620 1060 866 1116; x_wconf 86' lang='lat' dir='ltr'><em>influentias</em></span> <span class='ocrx_word' id='word_1_94' title='bbox 886 1060 1129 1113; x_wconf 80' lang='lat' dir='ltr'><em>accipimus.</em></span> 
     </span>
    </p>

    <p class='ocr_par' dir='ltr' id='par_1_7' title="bbox 271 1125 2080 1319">
     <span class='ocr_line' id='line_1_13' title="bbox 271 1125 2078 1183; baseline -0.004 -9"><span class='ocrx_word' id='word_1_95' title='bbox 271 1128 321 1174; x_wconf 89' lang='lat' dir='ltr'>S.</span> <span class='ocrx_word' id='word_1_96' title='bbox 344 1128 518 1173; x_wconf 91' lang='lat' dir='ltr'>Thom.</span> <span class='ocrx_word' id='word_1_97' title='bbox 543 1129 638 1183; x_wconf 91' lang='lat' dir='ltr'>Aq.</span> <span class='ocrx_word' id='word_1_98' title='bbox 660 1129 710 1171; x_wconf 82' lang='lat' dir='ltr'><em>S.</em></span> <span class='ocrx_word' id='word_1_99' title='bbox 739 1128 821 1171; x_wconf 74' lang='lat' dir='ltr'><em>Th.</em></span> <span class='ocrx_word' id='word_1_100' title='bbox 847 1127 885 1171; x_wconf 92' lang='lat' dir='ltr'><em>I.</em></span> <span class='ocrx_word' id='word_1_101' title='bbox 911 1131 1003 1171; x_wconf 85' lang='lat'><em>115.</em></span> <span class='ocrx_word' id='word_1_102' title='bbox 1026 1146 1051 1183; x_wconf 89' lang='lat'>4</span> <span class='ocrx_word' id='word_1_103' title='bbox 1074 1142 1084 1171; x_wconf 88' lang='lat'><strong>:</strong></span> <span class='ocrx_word' id='word_1_104' title='bbox 1110 1126 1412 1183; x_wconf 90' lang='lat' dir='ltr'>Respondeo</span> <span class='ocrx_word' id='word_1_105' title='bbox 1430 1126 1694 1170; x_wconf 88' lang='lat' dir='ltr'>dicendum</span> <span class='ocrx_word' id='word_1_106' title='bbox 1713 1125 1848 1181; x_wconf 91' lang='lat' dir='ltr'>quod</span> <span class='ocrx_word' id='word_1_107' title='bbox 1863 1137 2078 1180; x_wconf 87' lang='lat' dir='ltr'>corpora</span> 
     </span>
     <span class='ocr_line' id='line_1_14' title="bbox 328 1195 2080 1253; baseline -0.002 -11"><span class='ocrx_word' id='word_1_108' title='bbox 328 1198 546 1242; x_wconf 89' lang='lat' dir='ltr'>caelestia</span> <span class='ocrx_word' id='word_1_109' title='bbox 561 1200 612 1240; x_wconf 88' lang='lat' dir='ltr'>in</span> <span class='ocrx_word' id='word_1_110' title='bbox 628 1210 839 1253; x_wconf 90' lang='lat' dir='ltr'>corpora</span> <span class='ocrx_word' id='word_1_111' title='bbox 856 1195 1058 1251; x_wconf 89' lang='lat' dir='ltr'>quidem</span> <span class='ocrx_word' id='word_1_112' title='bbox 1073 1198 1357 1250; x_wconf 89' lang='lat' dir='ltr'>imprimunt</span> <span class='ocrx_word' id='word_1_113' title='bbox 1373 1195 1558 1239; x_wconf 87' lang='lat' dir='ltr'>directe</span> <span class='ocrx_word' id='word_1_114' title='bbox 1574 1195 1614 1239; x_wconf 76' lang='grc' dir='ltr'>δε</span> <span class='ocrx_word' id='word_1_115' title='bbox 1628 1209 1717 1251; x_wconf 89' lang='lat' dir='ltr'>per</span> <span class='ocrx_word' id='word_1_116' title='bbox 1734 1209 1858 1248; x_wconf 88' lang='lat' dir='ltr'><em>se‚...</em></span> <span class='ocrx_word' id='word_1_117' title='bbox 1881 1197 1933 1238; x_wconf 91' lang='lat' dir='ltr'>in</span> <span class='ocrx_word' id='word_1_118' title='bbox 1948 1196 2080 1238; x_wconf 88' lang='lat' dir='ltr'>vires</span> 
     </span>
     <span class='ocr_line' id='line_1_15' title="bbox 327 1263 1790 1319; baseline -0.002 -9"><span class='ocrx_word' id='word_1_119' title='bbox 327 1271 493 1311; x_wconf 88' lang='lat' dir='ltr'>autem</span> <span class='ocrx_word' id='word_1_120' title='bbox 514 1269 743 1310; x_wconf 84' lang='lat' dir='ltr'><em>animae...</em></span> <span class='ocrx_word' id='word_1_121' title='bbox 767 1279 870 1310; x_wconf 93' lang='lat' dir='ltr'>non</span> <span class='ocrx_word' id='word_1_122' title='bbox 890 1265 1075 1309; x_wconf 82' lang='lat' dir='ltr'>directe</span> <span class='ocrx_word' id='word_1_123' title='bbox 1098 1264 1299 1319; x_wconf 91' lang='lat' dir='ltr'>quidem</span> <span class='ocrx_word' id='word_1_124' title='bbox 1319 1264 1409 1309; x_wconf 88' lang='lat' dir='ltr'>sed</span> <span class='ocrx_word' id='word_1_125' title='bbox 1428 1278 1517 1319; x_wconf 93' lang='lat' dir='ltr'>per</span> <span class='ocrx_word' id='word_1_126' title='bbox 1541 1263 1790 1309; x_wconf 90' lang='lat' dir='ltr'>accidens.</span> 
     </span>
    </p>

    <p class='ocr_par' dir='ltr' id='par_1_8' title="bbox 138 1333 911 1391">
     <span class='ocr_line' id='line_1_16' title="bbox 138 1333 911 1391; baseline -0.001 -14"><span class='ocrx_word' id='word_1_127' title='bbox 138 1342 243 1377; x_wconf 82' lang='grc'>636</span> <span class='ocrx_word' id='word_1_128' title='bbox 273 1338 428 1391; x_wconf 73' lang='lat' dir='ltr'><em>quinta</em></span> <span class='ocrx_word' id='word_1_129' title='bbox 447 1336 646 1379; x_wconf 70' lang='lat' dir='ltr'><em>essentia.</em></span> <span class='ocrx_word' id='word_1_130' title='bbox 673 1333 764 1390; x_wconf 89' lang='lat' dir='ltr'>Cp.</span> <span class='ocrx_word' id='word_1_131' title='bbox 791 1339 911 1379; x_wconf 86' lang='lat'><em>1165.</em></span> 
     </span>
    </p>

    <p class='ocr_par' dir='ltr' id='par_1_9' title="bbox 274 1403 2083 1733">
     <span class='ocr_line' id='line_1_17' title="bbox 274 1403 2076 1462; baseline -0.003 -12"><span class='ocrx_word' id='word_1_132' title='bbox 274 1405 377 1450; x_wconf 88' lang='lat' dir='ltr'>Cic.</span> <span class='ocrx_word' id='word_1_133' title='bbox 399 1405 542 1449; x_wconf 89' lang='lat' dir='ltr'><em>Acad.</em></span> <span class='ocrx_word' id='word_1_134' title='bbox 566 1403 605 1447; x_wconf 91' lang='lat' dir='ltr'><em>I.</em></span> <span class='ocrx_word' id='word_1_135' title='bbox 629 1419 668 1458; x_wconf 90' lang='lat'>7.</span> <span class='ocrx_word' id='word_1_136' title='bbox 693 1410 745 1448; x_wconf 86' lang='lat'>26</span> <span class='ocrx_word' id='word_1_137' title='bbox 769 1418 778 1447; x_wconf 91' lang='lat'><strong>:</strong></span> <span class='ocrx_word' id='word_1_138' title='bbox 804 1403 1043 1462; x_wconf 73' lang='lat' dir='ltr'>Quintum</span> <span class='ocrx_word' id='word_1_139' title='bbox 1062 1416 1233 1459; x_wconf 89' lang='lat' dir='ltr'>genus,</span> <span class='ocrx_word' id='word_1_140' title='bbox 1257 1417 1284 1447; x_wconf 94' lang='lat' dir='ltr'>e</span> <span class='ocrx_word' id='word_1_141' title='bbox 1306 1417 1405 1458; x_wconf 92' lang='lat' dir='ltr'>quo</span> <span class='ocrx_word' id='word_1_142' title='bbox 1427 1407 1595 1447; x_wconf 82' lang='lat' dir='ltr'>essent</span> <span class='ocrx_word' id='word_1_143' title='bbox 1616 1407 1749 1447; x_wconf 87' lang='lat' dir='ltr'>astra</span> <span class='ocrx_word' id='word_1_144' title='bbox 1768 1405 2076 1456; x_wconf 85' lang='lat' dir='ltr'>mentesque,</span> 
     </span>
     <span class='ocr_line' id='line_1_18' title="bbox 330 1470 2080 1530; baseline -0.002 -13"><span class='ocrx_word' id='word_1_145' title='bbox 330 1472 594 1530; x_wconf 89' lang='lat' dir='ltr'>singulare,</span> <span class='ocrx_word' id='word_1_146' title='bbox 618 1486 889 1527; x_wconf 89' lang='lat' dir='ltr'>eorumque</span> <span class='ocrx_word' id='word_1_147' title='bbox 907 1477 1138 1527; x_wconf 90' lang='lat' dir='ltr'>quattuor</span> <span class='ocrx_word' id='word_1_148' title='bbox 1156 1470 1599 1526; x_wconf 88' lang='lat' dir='ltr'>[elementorum]...</span> <span class='ocrx_word' id='word_1_149' title='bbox 1619 1471 1874 1524; x_wconf 86' lang='lat' dir='ltr'>dissimile,</span> <span class='ocrx_word' id='word_1_150' title='bbox 1892 1470 2080 1515; x_wconf 87' lang='lat' dir='ltr'>Aristo-</span> 
     </span>
     <span class='ocr_line' id='line_1_19' title="bbox 328 1539 2082 1597; baseline -0.003 -11"><span class='ocrx_word' id='word_1_151' title='bbox 328 1543 453 1587; x_wconf 87' lang='lat' dir='ltr'>teles</span> <span class='ocrx_word' id='word_1_152' title='bbox 474 1541 726 1597; x_wconf 82' lang='lat' dir='ltr'>quoddam</span> <span class='ocrx_word' id='word_1_153' title='bbox 743 1540 961 1585; x_wconf 88' lang='lat' dir='ltr'>rebatur.</span> <span class='ocrx_word' id='word_1_154' title='bbox 986 1540 1076 1596; x_wconf 90' lang='lat' dir='ltr'>Cp.</span> <span class='ocrx_word' id='word_1_155' title='bbox 1104 1541 1234 1585; x_wconf 88' lang='lat' dir='ltr'><em>Tusc.</em></span> <span class='ocrx_word' id='word_1_156' title='bbox 1252 1541 1290 1582; x_wconf 93' lang='lat' dir='ltr'><em>I.</em></span> <span class='ocrx_word' id='word_1_157' title='bbox 1317 1557 1381 1585; x_wconf 90' lang='lat'><em>10.</em></span> <span class='ocrx_word' id='word_1_158' title='bbox 1405 1557 1473 1587; x_wconf 92' lang='grc'>22.</span> <span class='ocrx_word' id='word_1_159' title='bbox 1493 1541 1559 1584; x_wconf 84' lang='lat' dir='ltr'>Dr</span> <span class='ocrx_word' id='word_1_160' title='bbox 1574 1539 1703 1585; x_wconf 92' lang='lat' dir='ltr'>Reid</span> <span class='ocrx_word' id='word_1_161' title='bbox 1718 1543 1769 1583; x_wconf 90' lang='lat' dir='ltr'>in</span> <span class='ocrx_word' id='word_1_162' title='bbox 1783 1540 1861 1584; x_wconf 90' lang='lat' dir='ltr'>his</span> <span class='ocrx_word' id='word_1_163' title='bbox 1877 1544 1994 1583; x_wconf 91' lang='lat' dir='ltr'>note</span> <span class='ocrx_word' id='word_1_164' title='bbox 2016 1552 2082 1582; x_wconf 93' lang='lat' dir='ltr'>on</span> 
     </span>
     <span class='ocr_line' id='line_1_20' title="bbox 328 1608 2083 1666; baseline -0.002 -11"><span class='ocrx_word' id='word_1_165' title='bbox 328 1610 469 1655; x_wconf 85' lang='lat' dir='ltr'><em>Acad.</em></span> <span class='ocrx_word' id='word_1_166' title='bbox 495 1611 533 1654; x_wconf 92' lang='lat' dir='ltr'><em>I.</em></span> <span class='ocrx_word' id='word_1_167' title='bbox 559 1627 623 1654; x_wconf 92' lang='lat'><em>11.</em></span> <span class='ocrx_word' id='word_1_168' title='bbox 647 1617 714 1662; x_wconf 87' lang='lat'>39·</span> <span class='ocrx_word' id='word_1_169' title='bbox 738 1610 998 1666; x_wconf 87' lang='lat' dir='ltr'>disproves</span> <span class='ocrx_word' id='word_1_170' title='bbox 1020 1608 1237 1654; x_wconf 90' lang='lat' dir='ltr'>Cicero’s</span> <span class='ocrx_word' id='word_1_171' title='bbox 1260 1614 1524 1654; x_wconf 84' lang='lat' dir='ltr'>statement</span> <span class='ocrx_word' id='word_1_172' title='bbox 1543 1609 1650 1653; x_wconf 88' lang='lat' dir='ltr'>that</span> <span class='ocrx_word' id='word_1_173' title='bbox 1669 1608 1908 1653; x_wconf 89' lang='lat' dir='ltr'>Aristotle</span> <span class='ocrx_word' id='word_1_174' title='bbox 1930 1608 2083 1652; x_wconf 89' lang='lat' dir='ltr'>deriv-</span> 
     </span>
     <span class='ocr_line' id='line_1_21' title="bbox 332 1678 1264 1733; baseline 0 -10"><span class='ocrx_word' id='word_1_175' title='bbox 332 1680 392 1723; x_wconf 91' lang='lat' dir='ltr'>ed</span> <span class='ocrx_word' id='word_1_176' title='bbox 410 1679 533 1723; x_wconf 88' lang='lat' dir='ltr'><em>mind</em></span> <span class='ocrx_word' id='word_1_177' title='bbox 548 1678 675 1722; x_wconf 85' lang='lat' dir='ltr'>from</span> <span class='ocrx_word' id='word_1_178' title='bbox 694 1678 778 1722; x_wconf 93' lang='lat' dir='ltr'>the</span> <span class='ocrx_word' id='word_1_179' title='bbox 794 1692 821 1717; x_wconf 76' lang='lat' dir='ltr'>&lt;c</span> <span class='ocrx_word' id='word_1_180' title='bbox 837 1682 1010 1733; x_wconf 91' lang='lat' dir='ltr'>quinta</span> <span class='ocrx_word' id='word_1_181' title='bbox 1029 1683 1208 1722; x_wconf 90' lang='lat' dir='ltr'>natura</span> <span class='ocrx_word' id='word_1_182' title='bbox 1224 1692 1264 1723; x_wconf 71' lang='lat'><em>³).</em></span> 
     </span>
    </p>

    <p class='ocr_par' dir='ltr' id='par_1_10' title="bbox 276 1745 2090 2000">
     <span class='ocr_line' id='line_1_22' title="bbox 276 1745 2087 1805; baseline -0.002 -12"><span class='ocrx_word' id='word_1_183' title='bbox 276 1748 545 1805; x_wconf 88' lang='lat' dir='ltr'>Sylvester,</span> <span class='ocrx_word' id='word_1_184' title='bbox 567 1749 645 1792; x_wconf 84' lang='lat' dir='ltr'>Du</span> <span class='ocrx_word' id='word_1_185' title='bbox 664 1749 846 1796; x_wconf 84' lang='lat' dir='ltr'>Bartas,</span> <span class='ocrx_word' id='word_1_186' title='bbox 870 1748 1016 1800; x_wconf 88' lang='lat'>(1608)</span> <span class='ocrx_word' id='word_1_187' title='bbox 1035 1761 1084 1803; x_wconf 90' lang='lat' dir='ltr'>p.</span> <span class='ocrx_word' id='word_1_188' title='bbox 1109 1752 1160 1791; x_wconf 88' lang='lat'>53</span> <span class='ocrx_word' id='word_1_189' title='bbox 1184 1760 1195 1789; x_wconf 91' lang='lat'>:</span> <span class='ocrx_word' id='word_1_190' title='bbox 1218 1747 1469 1802; x_wconf 87' lang='lat' dir='ltr'>Treading</span> <span class='ocrx_word' id='word_1_191' title='bbox 1494 1747 1579 1791; x_wconf 90' lang='lat' dir='ltr'>the</span> <span class='ocrx_word' id='word_1_192' title='bbox 1600 1761 1715 1803; x_wconf 87' lang='lat' dir='ltr'>way</span> <span class='ocrx_word' id='word_1_193' title='bbox 1744 1746 1852 1790; x_wconf 88' lang='lat' dir='ltr'>that</span> <span class='ocrx_word' id='word_1_194' title='bbox 1879 1745 2087 1790; x_wconf 82' lang='lat' dir='ltr'>Aristotle</span> 
     </span>
     <span class='ocr_line' id='line_1_23' title="bbox 334 1815 2083 1871; baseline -0.002 -10"><span class='ocrx_word' id='word_1_195' title='bbox 334 1822 480 1866; x_wconf 85' lang='lat' dir='ltr'>went,</span> <span class='ocrx_word' id='word_1_196' title='bbox 514 1817 535 1860; x_wconf 93' lang='lat' dir='ltr'>I</span> <span class='ocrx_word' id='word_1_197' title='bbox 567 1816 664 1860; x_wconf 89' lang='lat' dir='ltr'>doo</span> <span class='ocrx_word' id='word_1_198' title='bbox 686 1816 892 1871; x_wconf 90' lang='lat' dir='ltr'>depriue</span> <span class='ocrx_word' id='word_1_199' title='bbox 923 1816 1007 1860; x_wconf 91' lang='lat' dir='ltr'>the</span> <span class='ocrx_word' id='word_1_200' title='bbox 1038 1816 1262 1860; x_wconf 90' lang='lat' dir='ltr'>Heau&#39;ns</span> <span class='ocrx_word' id='word_1_201' title='bbox 1285 1815 1339 1861; x_wconf 81' lang='lat' dir='ltr'>of</span> <span class='ocrx_word' id='word_1_202' title='bbox 1356 1816 1587 1861; x_wconf 86' lang='lat' dir='ltr'>Element</span> <span class='ocrx_word' id='word_1_203' title='bbox 1606 1815 1721 1860; x_wconf 87' lang='lat' dir='ltr'>And</span> <span class='ocrx_word' id='word_1_204' title='bbox 1739 1818 1948 1859; x_wconf 84' lang='lat' dir='ltr'>mixture</span> <span class='ocrx_word' id='word_1_205' title='bbox 1968 1819 2053 1859; x_wconf 93' lang='lat' dir='ltr'>too</span> <span class='ocrx_word' id='word_1_206' title='bbox 2071 1831 2083 1869; x_wconf 89' lang='lat'><em>;</em></span> 
     </span>
     <span class='ocr_line' id='line_1_24' title="bbox 334 1883 2090 1943; baseline -0.002 -12"><span class='ocrx_word' id='word_1_207' title='bbox 334 1886 431 1931; x_wconf 92' lang='lat' dir='ltr'>and</span> <span class='ocrx_word' id='word_1_208' title='bbox 462 1885 618 1939; x_wconf 87' lang='lat' dir='ltr'>think,</span> <span class='ocrx_word' id='word_1_209' title='bbox 648 1885 716 1928; x_wconf 88' lang='lat' dir='ltr'>th&#39;</span> <span class='ocrx_word' id='word_1_210' title='bbox 746 1888 1094 1942; x_wconf 90' lang='lat' dir='ltr'>omnipotence</span> <span class='ocrx_word' id='word_1_211' title='bbox 1125 1884 1194 1930; x_wconf 83' lang='lat' dir='ltr'>Of</span> <span class='ocrx_word' id='word_1_212' title='bbox 1218 1884 1333 1931; x_wconf 90' lang='lat' dir='ltr'>God</span> <span class='ocrx_word' id='word_1_213' title='bbox 1362 1884 1447 1930; x_wconf 90' lang='lat' dir='ltr'>did</span> <span class='ocrx_word' id='word_1_214' title='bbox 1475 1884 1620 1929; x_wconf 91' lang='lat' dir='ltr'>make</span> <span class='ocrx_word' id='word_1_215' title='bbox 1646 1885 1782 1928; x_wconf 90' lang='lat' dir='ltr'>them</span> <span class='ocrx_word' id='word_1_216' title='bbox 1802 1883 1856 1929; x_wconf 82' lang='lat' dir='ltr'>of</span> <span class='ocrx_word' id='word_1_217' title='bbox 1872 1897 1902 1928; x_wconf 87' lang='lat' dir='ltr'>a</span> <span class='ocrx_word' id='word_1_218' title='bbox 1923 1883 2090 1943; x_wconf 71' lang='lat' dir='ltr'>Quint-</span> 
     </span>
     <span class='ocr_line' id='line_1_25' title="bbox 335 1956 574 2000; baseline -0.017 -1"><span class='ocrx_word' id='word_1_219' title='bbox 335 1956 574 2000; x_wconf 88' lang='lat' dir='ltr'>Essence.</span> 
     </span>
    </p>

    <p class='ocr_par' dir='ltr' id='par_1_11' title="bbox 142 2022 2087 2150">
     <span class='ocr_line' id='line_1_26' title="bbox 142 2022 2087 2082; baseline 0.001 -17"><span class='ocrx_word' id='word_1_220' title='bbox 142 2030 248 2065; x_wconf 83' lang='grc'>640</span> <span class='ocrx_word' id='word_1_221' title='bbox 278 2025 318 2069; x_wconf 90' lang='lat' dir='ltr'><strong>O</strong></span> <span class='ocrx_word' id='word_1_222' title='bbox 338 2023 638 2081; x_wconf 74' lang='lat' dir='ltr'>Charybdim!</span> <span class='ocrx_word' id='word_1_223' title='bbox 659 2022 762 2069; x_wconf 90' lang='lat' dir='ltr'><em>Cic.</em></span> <span class='ocrx_word' id='word_1_224' title='bbox 785 2023 906 2068; x_wconf 78' lang='lat' dir='ltr'><em>Phil.</em></span> <span class='ocrx_word' id='word_1_225' title='bbox 931 2023 996 2068; x_wconf 92' lang='lat' dir='ltr'>II.</span> <span class='ocrx_word' id='word_1_226' title='bbox 1020 2037 1171 2068; x_wconf 82' lang='lat' dir='ltr'>xxvn.</span> <span class='ocrx_word' id='word_1_227' title='bbox 1193 2031 1245 2079; x_wconf 87' lang='lat'>67</span> <span class='ocrx_word' id='word_1_228' title='bbox 1271 2038 1280 2067; x_wconf 77' lang='grc' dir='ltr'>ε</span> <span class='ocrx_word' id='word_1_229' title='bbox 1307 2023 1430 2082; x_wconf 73' lang='lat' dir='ltr'>Quae</span> <span class='ocrx_word' id='word_1_230' title='bbox 1461 2022 1741 2080; x_wconf 88' lang='lat' dir='ltr'>Charybdis</span> <span class='ocrx_word' id='word_1_231' title='bbox 1769 2028 1871 2068; x_wconf 91' lang='lat' dir='ltr'>tam</span> <span class='ocrx_word' id='word_1_232' title='bbox 1900 2026 2087 2068; x_wconf 85' lang='lat' dir='ltr'>vorax?</span> 
     </span>
     <span class='ocr_line' id='line_1_27' title="bbox 333 2092 802 2150; baseline -0.002 -12"><span class='ocrx_word' id='word_1_233' title='bbox 333 2092 637 2150; x_wconf 88' lang='lat' dir='ltr'>Charybdim</span> <span class='ocrx_word' id='word_1_234' title='bbox 657 2092 802 2137; x_wconf 88' lang='lat' dir='ltr'><em>dico?</em></span> 
     </span>
    </p>

    <p class='ocr_par' dir='ltr' id='par_1_12' title="bbox 138 2161 2084 2288">
     <span class='ocr_line' id='line_1_28' title="bbox 138 2161 2084 2219; baseline 0.003 -17"><span class='ocrx_word' id='word_1_235' title='bbox 138 2168 243 2204; x_wconf 84' lang='grc'>643</span> <span class='ocrx_word' id='word_1_236' title='bbox 273 2163 548 2207; x_wconf 85' lang='lat' dir='ltr'><em>valetudinem</em></span> <span class='ocrx_word' id='word_1_237' title='bbox 568 2165 684 2206; x_wconf 89' lang='lat' dir='ltr'><em>tuam</em></span> <span class='ocrx_word' id='word_1_238' title='bbox 704 2176 811 2206; x_wconf 81' lang='lat' dir='ltr'><em>cura</em></span> <span class='ocrx_word' id='word_1_239' title='bbox 829 2162 1067 2216; x_wconf 77' lang='lat' dir='ltr'><em>diligenter.</em></span> <span class='ocrx_word' id='word_1_240' title='bbox 1090 2161 1182 2219; x_wconf 93' lang='lat' dir='ltr'><em>Cp.</em></span> <span class='ocrx_word' id='word_1_241' title='bbox 1202 2166 1324 2207; x_wconf 86' lang='grc'>2565.</span> <span class='ocrx_word' id='word_1_242' title='bbox 1344 2161 1447 2207; x_wconf 92' lang='lat' dir='ltr'><em>Cic.</em></span> <span class='ocrx_word' id='word_1_243' title='bbox 1466 2162 1525 2206; x_wconf 88' lang='lat' dir='ltr'>ad</span> <span class='ocrx_word' id='word_1_244' title='bbox 1536 2164 1669 2206; x_wconf 87' lang='lat' dir='ltr'><em>Fam.</em></span> <span class='ocrx_word' id='word_1_245' title='bbox 1687 2175 1786 2207; x_wconf 82' lang='lat' dir='ltr'>XIV.</span> <span class='ocrx_word' id='word_1_246' title='bbox 1805 2178 1872 2209; x_wconf 87' lang='grc'>22.</span> <span class='ocrx_word' id='word_1_247' title='bbox 1891 2161 2084 2207; x_wconf 91' lang='lat' dir='ltr'>Includ-</span> 
     </span>
     <span class='ocr_line' id='line_1_29' title="bbox 330 2230 1936 2288; baseline -0.001 -13"><span class='ocrx_word' id='word_1_248' title='bbox 330 2232 392 2275; x_wconf 92' lang='lat' dir='ltr'>ed</span> <span class='ocrx_word' id='word_1_249' title='bbox 411 2230 479 2288; x_wconf 92' lang='lat' dir='ltr'>by</span> <span class='ocrx_word' id='word_1_250' title='bbox 500 2231 741 2276; x_wconf 87' lang='lat' dir='ltr'>Erasmus</span> <span class='ocrx_word' id='word_1_251' title='bbox 762 2244 944 2287; x_wconf 86' lang='lat' dir='ltr'>among</span> <span class='ocrx_word' id='word_1_252' title='bbox 964 2231 1042 2275; x_wconf 91' lang='lat' dir='ltr'>his</span> <span class='ocrx_word' id='word_1_253' title='bbox 1063 2230 1508 2286; x_wconf 78' lang='lat' dir='ltr'><em>Salutandiformulce</em></span> <span class='ocrx_word' id='word_1_254' title='bbox 1526 2234 1578 2274; x_wconf 91' lang='lat' dir='ltr'>in</span> <span class='ocrx_word' id='word_1_255' title='bbox 1596 2231 1681 2275; x_wconf 87' lang='lat' dir='ltr'>the</span> <span class='ocrx_word' id='word_1_256' title='bbox 1703 2231 1936 2287; x_wconf 82' lang='lat' dir='ltr'><em>Colloquia.</em></span> 
     </span>
    </p>

    <p class='ocr_par' dir='ltr' id='par_1_13' title="bbox 138 2299 2084 2426">
     <span class='ocr_line' id='line_1_30' title="bbox 138 2299 2084 2356; baseline 0.002 -14"><span class='ocrx_word' id='word_1_257' title='bbox 138 2306 246 2342; x_wconf 80' lang='grc'>648</span> <span class='ocrx_word' id='word_1_258' title='bbox 278 2315 373 2345; x_wconf 91' lang='lat' dir='ltr'><em>cum</em></span> <span class='ocrx_word' id='word_1_259' title='bbox 401 2299 774 2356; x_wconf 80' lang='lat' dir='ltr'><em>appertinentibus.</em></span> <span class='ocrx_word' id='word_1_260' title='bbox 806 2299 913 2344; x_wconf 88' lang='lat' dir='ltr'>The</span> <span class='ocrx_word' id='word_1_261' title='bbox 948 2314 1084 2344; x_wconf 90' lang='lat' dir='ltr'>more</span> <span class='ocrx_word' id='word_1_262' title='bbox 1119 2300 1265 2343; x_wconf 88' lang='lat' dir='ltr'>usual</span> <span class='ocrx_word' id='word_1_263' title='bbox 1298 2299 1432 2356; x_wconf 87' lang='lat' dir='ltr'>legal</span> <span class='ocrx_word' id='word_1_264' title='bbox 1465 2306 1590 2344; x_wconf 91' lang='lat' dir='ltr'>term</span> <span class='ocrx_word' id='word_1_265' title='bbox 1622 2300 1793 2345; x_wconf 93' lang='lat' dir='ltr'>would</span> <span class='ocrx_word' id='word_1_266' title='bbox 1827 2299 1889 2345; x_wconf 88' lang='lat' dir='ltr'>be</span> <span class='ocrx_word' id='word_1_267' title='bbox 1924 2315 1950 2340; x_wconf 77' lang='lat' dir='ltr'>t&lt;</span> <span class='ocrx_word' id='word_1_268' title='bbox 1971 2314 2084 2345; x_wconf 89' lang='lat' dir='ltr'>cum</span> 
     </span>
     <span class='ocr_line' id='line_1_31' title="bbox 327 2369 1485 2426; baseline 0 -13"><span class='ocrx_word' id='word_1_269' title='bbox 327 2372 636 2426; x_wconf 87' lang='lat' dir='ltr'>pertinentiis</span> <span class='ocrx_word' id='word_1_270' title='bbox 659 2372 761 2413; x_wconf 87' lang='lat' dir='ltr'>suis</span> <span class='ocrx_word' id='word_1_271' title='bbox 778 2383 820 2423; x_wconf 72' lang='lat'>2),</span> <span class='ocrx_word' id='word_1_272' title='bbox 843 2369 965 2412; x_wconf 91' lang='lat' dir='ltr'>with</span> <span class='ocrx_word' id='word_1_273' title='bbox 986 2372 1048 2413; x_wconf 90' lang='lat' dir='ltr'>its</span> <span class='ocrx_word' id='word_1_274' title='bbox 1070 2374 1485 2425; x_wconf 89' lang='lat' dir='ltr'>appurtenances.</span> 
     </span>
    </p>

    <p class='ocr_par' dir='ltr' id='par_1_14' title="bbox 137 2436 2081 2562">
     <span class='ocr_line' id='line_1_32' title="bbox 137 2436 2081 2495; baseline 0.002 -16"><span class='ocrx_word' id='word_1_275' title='bbox 137 2443 241 2480; x_wconf 91' lang='grc'>651</span> <span class='ocrx_word' id='word_1_276' title='bbox 266 2438 588 2495; x_wconf 77' lang='lat' dir='ltr'><em>pertinentibus,</em></span> <span class='ocrx_word' id='word_1_277' title='bbox 612 2437 666 2483; x_wconf 93' lang='lat' dir='ltr'>C.</span> <span class='ocrx_word' id='word_1_278' title='bbox 691 2438 781 2483; x_wconf 87' lang='lat' dir='ltr'>has</span> <span class='ocrx_word' id='word_1_279' title='bbox 803 2452 828 2476; x_wconf 88' lang='lat'>‹&lt;</span> <span class='ocrx_word' id='word_1_280' title='bbox 845 2436 1274 2494; x_wconf 87' lang='lat' dir='ltr'>appertinentibus</span> <span class='ocrx_word' id='word_1_281' title='bbox 1289 2451 1316 2476; x_wconf 73' lang='lat'>&gt;³</span> <span class='ocrx_word' id='word_1_282' title='bbox 1335 2438 1455 2482; x_wconf 89' lang='lat' dir='ltr'>here</span> <span class='ocrx_word' id='word_1_283' title='bbox 1478 2438 1602 2493; x_wconf 84' lang='lat' dir='ltr'>also,</span> <span class='ocrx_word' id='word_1_284' title='bbox 1624 2438 1791 2483; x_wconf 90' lang='lat' dir='ltr'>which</span> <span class='ocrx_word' id='word_1_285' title='bbox 1812 2439 1834 2482; x_wconf 93' lang='lat' dir='ltr'>I</span> <span class='ocrx_word' id='word_1_286' title='bbox 1857 2439 2011 2494; x_wconf 85' lang='lat' dir='ltr'>ought</span> <span class='ocrx_word' id='word_1_287' title='bbox 2030 2444 2081 2483; x_wconf 93' lang='lat' dir='ltr'>to</span> 
     </span>
     <span class='ocr_line' id='line_1_33' title="bbox 327 2506 706 2562; baseline -0.008 -11"><span class='ocrx_word' id='word_1_288' title='bbox 327 2507 456 2551; x_wconf 89' lang='lat' dir='ltr'>have</span> <span class='ocrx_word' id='word_1_289' title='bbox 475 2506 706 2562; x_wconf 88' lang='lat' dir='ltr'>adopted.</span> 
     </span>
    </p>

    <p class='ocr_par' dir='ltr' id='par_1_15' title="bbox 136 2576 982 2632">
     <span class='ocr_line' id='line_1_34' title="bbox 136 2576 982 2632; baseline 0.001 -15"><span class='ocrx_word' id='word_1_290' title='bbox 136 2581 245 2617; x_wconf 85' lang='grc'>655</span> <span class='ocrx_word' id='word_1_291' title='bbox 268 2578 497 2632; x_wconf 87' lang='lat' dir='ltr'><em>potentiam</em></span> <span class='ocrx_word' id='word_1_292' title='bbox 517 2579 562 2620; x_wconf 89' lang='lat' dir='ltr'>in</span> <span class='ocrx_word' id='word_1_293' title='bbox 582 2579 721 2620; x_wconf 87' lang='lat' dir='ltr'><em>actum</em></span> <span class='ocrx_word' id='word_1_294' title='bbox 735 2576 982 2631; x_wconf 84' lang='lat' dir='ltr'><em>producere.</em></span> 
     </span>
    </p>

    <p class='ocr_par' dir='ltr' id='par_1_16' title="bbox 271 2643 2081 2770">
     <span class='ocr_line' id='line_1_35' title="bbox 271 2643 2081 2702; baseline 0 -12"><span class='ocrx_word' id='word_1_295' title='bbox 271 2645 322 2690; x_wconf 88' lang='lat' dir='ltr'>S.</span> <span class='ocrx_word' id='word_1_296' title='bbox 345 2644 520 2690; x_wconf 88' lang='lat' dir='ltr'>Thom.</span> <span class='ocrx_word' id='word_1_297' title='bbox 550 2645 646 2699; x_wconf 88' lang='lat' dir='ltr'>Aq.</span> <span class='ocrx_word' id='word_1_298' title='bbox 677 2644 727 2688; x_wconf 87' lang='lat' dir='ltr'>S.</span> <span class='ocrx_word' id='word_1_299' title='bbox 766 2645 805 2689; x_wconf 86' lang='lat' dir='ltr'><em>T</em></span> <span class='ocrx_word' id='word_1_300' title='bbox 806 2644 866 2694; x_wconf 70' lang='lat' dir='ltr'>h„</span> <span class='ocrx_word' id='word_1_301' title='bbox 901 2644 994 2689; x_wconf 92' lang='grc' dir='ltr'>ΙΙΙ.</span> <span class='ocrx_word' id='word_1_302' title='bbox 1018 2643 1174 2702; x_wconf 89' lang='lat' dir='ltr'><em>Supp.</em></span> <span class='ocrx_word' id='word_1_303' title='bbox 1207 2661 1274 2700; x_wconf 92' lang='lat'>70.</span> <span class='ocrx_word' id='word_1_304' title='bbox 1311 2661 1328 2689; x_wconf 92' lang='lat'>1</span> <span class='ocrx_word' id='word_1_305' title='bbox 1364 2659 1390 2689; x_wconf 93' lang='grc'>6</span> <span class='ocrx_word' id='word_1_306' title='bbox 1415 2660 1424 2689; x_wconf 86' lang='grc'>;</span> <span class='ocrx_word' id='word_1_307' title='bbox 1448 2648 1670 2700; x_wconf 88' lang='lat' dir='ltr'>potentia</span> <span class='ocrx_word' id='word_1_308' title='bbox 1692 2650 1782 2695; x_wconf 89' lang='lat' dir='ltr'>est,</span> <span class='ocrx_word' id='word_1_309' title='bbox 1807 2645 2081 2691; x_wconf 88' lang='lat' dir='ltr'>secundum</span> 
     </span>
     <span class='ocr_line' id='line_1_36' title="bbox 328 2712 1576 2770; baseline -0.002 -12"><span class='ocrx_word' id='word_1_310' title='bbox 328 2728 476 2770; x_wconf 89' lang='lat' dir='ltr'>quam</span> <span class='ocrx_word' id='word_1_311' title='bbox 499 2718 725 2768; x_wconf 89' lang='lat' dir='ltr'>potentes</span> <span class='ocrx_word' id='word_1_312' title='bbox 748 2712 956 2757; x_wconf 91' lang='lat' dir='ltr'>dicimur</span> <span class='ocrx_word' id='word_1_313' title='bbox 978 2713 1165 2768; x_wconf 83' lang='lat' dir='ltr'>aliquid</span> <span class='ocrx_word' id='word_1_314' title='bbox 1187 2728 1334 2770; x_wconf 88' lang='lat' dir='ltr'>agere</span> <span class='ocrx_word' id='word_1_315' title='bbox 1355 2714 1436 2757; x_wconf 89' lang='lat' dir='ltr'>vel</span> <span class='ocrx_word' id='word_1_316' title='bbox 1458 2718 1576 2768; x_wconf 88' lang='lat' dir='ltr'>pati.</span> 
     </span>
    </p>

    <p class='ocr_par' dir='ltr' id='par_1_17' title="bbox 136 2782 1171 2839">
     <span class='ocr_line' id='line_1_37' title="bbox 136 2782 1171 2839; baseline 0.003 -17"><span class='ocrx_word' id='word_1_317' title='bbox 136 2787 242 2823; x_wconf 90' lang='grc'>656</span> <span class='ocrx_word' id='word_1_318' title='bbox 271 2798 297 2826; x_wconf 95' lang='lat' dir='ltr'><em>a</em></span> <span class='ocrx_word' id='word_1_319' title='bbox 311 2787 433 2839; x_wconf 87' lang='lat' dir='ltr'><em>posse</em></span> <span class='ocrx_word' id='word_1_320' title='bbox 453 2783 512 2826; x_wconf 92' lang='lat' dir='ltr'>ad</span> <span class='ocrx_word' id='word_1_321' title='bbox 528 2797 614 2827; x_wconf 84' lang='lat' dir='ltr'>esse</span> <span class='ocrx_word' id='word_1_322' title='bbox 634 2797 718 2826; x_wconf 87' lang='lat' dir='ltr'>non</span> <span class='ocrx_word' id='word_1_323' title='bbox 738 2782 846 2827; x_wconf 87' lang='lat' dir='ltr'><em>valet</em></span> <span class='ocrx_word' id='word_1_324' title='bbox 865 2786 1171 2838; x_wconf 81' lang='lat' dir='ltr'><em>consequentia.</em></span> 
     </span>
    </p>

    <p class='ocr_par' dir='ltr' id='par_1_18' title="bbox 273 2850 2080 2977">
     <span class='ocr_line' id='line_1_38' title="bbox 273 2850 2080 2908; baseline 0.001 -12"><span class='ocrx_word' id='word_1_325' title='bbox 273 2850 334 2896; x_wconf 87' lang='lat' dir='ltr'><em>G.</em></span> <span class='ocrx_word' id='word_1_326' title='bbox 359 2852 579 2908; x_wconf 86' lang='lat' dir='ltr'>Harvey,</span> <span class='ocrx_word' id='word_1_327' title='bbox 604 2851 711 2896; x_wconf 87' lang='lat' dir='ltr'>MS.</span> <span class='ocrx_word' id='word_1_328' title='bbox 735 2856 851 2895; x_wconf 91' lang='lat' dir='ltr'>note</span> <span class='ocrx_word' id='word_1_329' title='bbox 873 2855 924 2895; x_wconf 92' lang='lat' dir='ltr'>in</span> <span class='ocrx_word' id='word_1_330' title='bbox 945 2866 974 2895; x_wconf 93' lang='lat' dir='ltr'>a</span> <span class='ocrx_word' id='word_1_331' title='bbox 996 2851 1130 2895; x_wconf 88' lang='lat' dir='ltr'>book</span> <span class='ocrx_word' id='word_1_332' title='bbox 1150 2866 1265 2896; x_wconf 91' lang='lat' dir='ltr'>now</span> <span class='ocrx_word' id='word_1_333' title='bbox 1286 2855 1337 2896; x_wconf 91' lang='lat' dir='ltr'>in</span> <span class='ocrx_word' id='word_1_334' title='bbox 1357 2852 1440 2895; x_wconf 91' lang='lat' dir='ltr'>the</span> <span class='ocrx_word' id='word_1_335' title='bbox 1463 2853 1707 2902; x_wconf 88' lang='lat' dir='ltr'>Museum,</span> <span class='ocrx_word' id='word_1_336' title='bbox 1731 2852 1927 2898; x_wconf 84' lang='lat' dir='ltr'>Saffron</span> <span class='ocrx_word' id='word_1_337' title='bbox 1946 2852 2080 2897; x_wconf 89' lang='lat' dir='ltr'>Wal-</span> 
     </span>
     <span class='ocr_line' id='line_1_39' title="bbox 328 2920 1555 2977; baseline -0.002 -13"><span class='ocrx_word' id='word_1_338' title='bbox 328 2920 424 2964; x_wconf 92' lang='lat' dir='ltr'>den</span> <span class='ocrx_word' id='word_1_339' title='bbox 448 2936 457 2964; x_wconf 77' lang='grc' dir='ltr'>ε</span> <span class='ocrx_word' id='word_1_340' title='bbox 482 2935 511 2964; x_wconf 97' lang='grc'>6</span> <span class='ocrx_word' id='word_1_341' title='bbox 531 2934 682 2976; x_wconf 90' lang='lat' dir='ltr'>posse</span> <span class='ocrx_word' id='word_1_342' title='bbox 704 2920 768 2965; x_wconf 92' lang='lat' dir='ltr'>ad</span> <span class='ocrx_word' id='word_1_343' title='bbox 790 2934 901 2964; x_wconf 87' lang='lat' dir='ltr'>esse</span> <span class='ocrx_word' id='word_1_344' title='bbox 922 2935 1023 2964; x_wconf 89' lang='lat' dir='ltr'>non</span> <span class='ocrx_word' id='word_1_345' title='bbox 1043 2921 1177 2965; x_wconf 86' lang='lat' dir='ltr'>valet</span> <span class='ocrx_word' id='word_1_346' title='bbox 1198 2926 1555 2977; x_wconf 79' lang='lat' dir='ltr'>argumentum.</span> 
     </span>
    </p>

    <p class='ocr_par' dir='ltr' id='par_1_19' title="bbox 272 2988 2077 3115">
     <span class='ocr_line' id='line_1_40' title="bbox 272 2988 2077 3047; baseline -0.001 -12"><span class='ocrx_word' id='word_1_347' title='bbox 272 2988 330 3035; x_wconf 78' lang='lat' dir='ltr'>O·</span> <span class='ocrx_word' id='word_1_348' title='bbox 368 2989 627 3045; x_wconf 82' lang='lat' dir='ltr'>Schreger‚</span> <span class='ocrx_word' id='word_1_349' title='bbox 663 2990 887 3034; x_wconf 84' lang='lat' dir='ltr'><em>Studiosus</em></span> <span class='ocrx_word' id='word_1_350' title='bbox 914 2990 1105 3044; x_wconf 81' lang='lat' dir='ltr'><em>jovialis,</em></span> <span class='ocrx_word' id='word_1_351' title='bbox 1142 2990 1300 3035; x_wconf 90' lang='lat' dir='ltr'>under</span> <span class='ocrx_word' id='word_1_352' title='bbox 1329 3005 1355 3029; x_wconf 77' lang='lat' dir='ltr'>&lt;c</span> <span class='ocrx_word' id='word_1_353' title='bbox 1382 2991 1647 3035; x_wconf 86' lang='lat' dir='ltr'>Axiomata</span> <span class='ocrx_word' id='word_1_354' title='bbox 1675 2990 2024 3047; x_wconf 89' lang='lat' dir='ltr'>philosophica</span> <span class='ocrx_word' id='word_1_355' title='bbox 2050 3005 2077 3029; x_wconf 87' lang='lat'>»</span> 
     </span>
     <span class='ocr_line' id='line_1_41' title="bbox 326 3059 2076 3115; baseline 0.001 -13"><span class='ocrx_word' id='word_1_356' title='bbox 326 3059 417 3103; x_wconf 88' lang='lat' dir='ltr'>has</span> <span class='ocrx_word' id='word_1_357' title='bbox 449 3074 458 3102; x_wconf 89' lang='lat'>:</span> <span class='ocrx_word' id='word_1_358' title='bbox 482 3059 529 3103; x_wconf 95' lang='lat' dir='ltr'><strong>A</strong></span> <span class='ocrx_word' id='word_1_359' title='bbox 557 3061 778 3112; x_wconf 88' lang='lat' dir='ltr'>potentia</span> <span class='ocrx_word' id='word_1_360' title='bbox 808 3059 871 3103; x_wconf 85' lang='lat' dir='ltr'>ad</span> <span class='ocrx_word' id='word_1_361' title='bbox 901 3067 1066 3103; x_wconf 91' lang='lat' dir='ltr'>actum</span> <span class='ocrx_word' id='word_1_362' title='bbox 1094 3073 1196 3103; x_wconf 92' lang='lat' dir='ltr'>non</span> <span class='ocrx_word' id='word_1_363' title='bbox 1223 3059 1358 3103; x_wconf 86' lang='lat' dir='ltr'>valet</span> <span class='ocrx_word' id='word_1_364' title='bbox 1388 3063 1761 3115; x_wconf 88' lang='lat' dir='ltr'>consequentia.</span> <span class='ocrx_word' id='word_1_365' title='bbox 1796 3059 1914 3105; x_wconf 92' lang='lat' dir='ltr'>Non</span> <span class='ocrx_word' id='word_1_366' title='bbox 1944 3063 2076 3103; x_wconf 92' lang='lat' dir='ltr'>enim</span> 
     </span>
    </p>
   </div>
   <div class='ocr_carea' id='block_1_3' title="bbox 325 3127 2074 3252">
    <p class='ocr_par' dir='ltr' id='par_1_20' title="bbox 325 3127 2074 3252">
     <span class='ocr_line' id='line_1_42' title="bbox 325 3127 2074 3186; baseline 0.002 -16"><span class='ocrx_word' id='word_1_367' title='bbox 325 3127 501 3171; x_wconf 87' lang='lat' dir='ltr'>inferre</span> <span class='ocrx_word' id='word_1_368' title='bbox 522 3141 729 3183; x_wconf 93' lang='lat' dir='ltr'>possum</span> <span class='ocrx_word' id='word_1_369' title='bbox 751 3142 761 3171; x_wconf 93' lang='lat'>:</span> <span class='ocrx_word' id='word_1_370' title='bbox 785 3127 964 3172; x_wconf 87' lang='lat' dir='ltr'>Petrus</span> <span class='ocrx_word' id='word_1_371' title='bbox 986 3133 1151 3183; x_wconf 89' lang='lat' dir='ltr'>potest</span> <span class='ocrx_word' id='word_1_372' title='bbox 1170 3134 1368 3185; x_wconf 89' lang='lat' dir='ltr'>portare</span> <span class='ocrx_word' id='word_1_373' title='bbox 1390 3134 1589 3172; x_wconf 89' lang='lat' dir='ltr'>centum</span> <span class='ocrx_word' id='word_1_374' title='bbox 1607 3130 1791 3185; x_wconf 90' lang='lat' dir='ltr'>pondo,</span> <span class='ocrx_word' id='word_1_375' title='bbox 1816 3143 1933 3185; x_wconf 92' lang='lat' dir='ltr'>ergo</span> <span class='ocrx_word' id='word_1_376' title='bbox 1963 3143 2074 3186; x_wconf 93' lang='lat' dir='ltr'>por-</span> 
     </span>
     <span class='ocr_line' id='line_1_43' title="bbox 325 3195 815 3252; baseline -0.002 -13"><span class='ocrx_word' id='word_1_377' title='bbox 325 3201 396 3239; x_wconf 89' lang='lat' dir='ltr'>tat</span> <span class='ocrx_word' id='word_1_378' title='bbox 417 3202 614 3240; x_wconf 87' lang='lat' dir='ltr'>centum</span> <span class='ocrx_word' id='word_1_379' title='bbox 633 3195 815 3252; x_wconf 90' lang='lat' dir='ltr'>pondo.</span> 
     </span>
    </p>
   </div>
   <div class='ocr_carea' id='block_1_4' title="bbox 137 3265 2072 3806">
    <p class='ocr_par' dir='ltr' id='par_1_21' title="bbox 137 3265 1756 3458">
     <span class='ocr_line' id='line_1_44' title="bbox 137 3265 1294 3321; baseline 0.003 -18"><span class='ocrx_word' id='word_1_380' title='bbox 137 3268 240 3305; x_wconf 74' lang='grc'>657</span> <span class='ocrx_word' id='word_1_381' title='bbox 269 3266 317 3309; x_wconf 90' lang='lat' dir='ltr'>in</span> <span class='ocrx_word' id='word_1_382' title='bbox 337 3265 411 3308; x_wconf 85' lang='lat' dir='ltr'><em>hoc</em></span> <span class='ocrx_word' id='word_1_383' title='bbox 425 3266 711 3320; x_wconf 68' lang='lat' dir='ltr'><em>pauxillulo...</em></span> <span class='ocrx_word' id='word_1_384' title='bbox 733 3265 845 3321; x_wconf 80' lang='lat' dir='ltr'>quod</span> <span class='ocrx_word' id='word_1_385' title='bbox 861 3269 993 3311; x_wconf 82' lang='lat' dir='ltr'>restat</span> <span class='ocrx_word' id='word_1_386' title='bbox 1010 3281 1294 3311; x_wconf 84' lang='lat' dir='ltr'><em>nummorum.</em></span> 
     </span>
     <span class='ocr_line' id='line_1_45' title="bbox 273 3333 1756 3392; baseline 0.001 -15"><span class='ocrx_word' id='word_1_387' title='bbox 273 3333 383 3378; x_wconf 87' lang='lat' dir='ltr'>Ter.</span> <span class='ocrx_word' id='word_1_388' title='bbox 405 3335 587 3379; x_wconf 78' lang='lat' dir='ltr'><em>Phorm.</em></span> <span class='ocrx_word' id='word_1_389' title='bbox 612 3334 650 3378; x_wconf 90' lang='grc' dir='ltr'>Ι.</span> <span class='ocrx_word' id='word_1_390' title='bbox 676 3351 713 3379; x_wconf 89' lang='grc'>1.</span> <span class='ocrx_word' id='word_1_391' title='bbox 732 3341 756 3379; x_wconf 89' lang='grc'>3</span> <span class='ocrx_word' id='word_1_392' title='bbox 780 3349 790 3380; x_wconf 78' lang='lat' dir='ltr'>t</span> <span class='ocrx_word' id='word_1_393' title='bbox 813 3335 1051 3380; x_wconf 90' lang='lat' dir='ltr'>relicuom</span> <span class='ocrx_word' id='word_1_394' title='bbox 1070 3335 1395 3392; x_wconf 87' lang='lat' dir='ltr'>pauxillulum</span> <span class='ocrx_word' id='word_1_395' title='bbox 1416 3336 1756 3381; x_wconf 88' lang='lat' dir='ltr'>Nummorum.</span> 
     </span>
     <span class='ocr_line' id='line_1_46' title="bbox 138 3404 946 3458; baseline 0.009 -18"><span class='ocrx_word' id='word_1_396' title='bbox 138 3406 242 3442; x_wconf 89' lang='grc'>666</span> <span class='ocrx_word' id='word_1_397' title='bbox 271 3404 492 3456; x_wconf 89' lang='lat' dir='ltr'><em>Mutuum,</em></span> <span class='ocrx_word' id='word_1_398' title='bbox 516 3404 641 3458; x_wconf 84' lang='lat' dir='ltr'><em>quasi</em></span> <span class='ocrx_word' id='word_1_399' title='bbox 658 3406 946 3449; x_wconf 89' lang='lat' dir='ltr'><em>meum-tuum.</em></span> 
     </span>
    </p>

    <p class='ocr_par' dir='ltr' id='par_1_22' title="bbox 273 3470 2072 3654">
     <span class='ocr_line' id='line_1_47' title="bbox 273 3470 2069 3531; baseline 0.002 -15"><span class='ocrx_word' id='word_1_400' title='bbox 273 3470 363 3525; x_wconf 91' lang='lat' dir='ltr'>Cp.</span> <span class='ocrx_word' id='word_1_401' title='bbox 386 3471 652 3516; x_wconf 88' lang='lat' dir='ltr'>Fraunce&#39;s</span> <span class='ocrx_word' id='word_1_402' title='bbox 680 3473 872 3518; x_wconf 89' lang='lat' dir='ltr'><em>Victoria</em></span> <span class='ocrx_word' id='word_1_403' title='bbox 890 3486 955 3517; x_wconf 88' lang='lat' dir='ltr'><em>1v.</em></span> <span class='ocrx_word' id='word_1_404' title='bbox 986 3480 1025 3517; x_wconf 91' lang='lat'>8.</span> <span class='ocrx_word' id='word_1_405' title='bbox 1060 3478 1126 3518; x_wconf 81' lang='grc'>56.</span> <span class='ocrx_word' id='word_1_406' title='bbox 1160 3473 1444 3531; x_wconf 90' lang='lat' dir='ltr'>Onophrius</span> <span class='ocrx_word' id='word_1_407' title='bbox 1474 3474 1694 3529; x_wconf 85' lang='lat' dir='ltr'>(pedant)</span> <span class='ocrx_word' id='word_1_408' title='bbox 1726 3490 1735 3518; x_wconf 92' lang='lat'><strong>:</strong></span> <span class='ocrx_word' id='word_1_409' title='bbox 1770 3475 1945 3520; x_wconf 90' lang='lat' dir='ltr'>Mutuo</span> <span class='ocrx_word' id='word_1_410' title='bbox 1978 3474 2069 3520; x_wconf 87' lang='lat' dir='ltr'>das</span> 
     </span>
     <span class='ocr_line' id='line_1_48' title="bbox 327 3540 2072 3598; baseline 0.003 -16"><span class='ocrx_word' id='word_1_411' title='bbox 327 3553 439 3583; x_wconf 90' lang='lat' dir='ltr'>cum</span> <span class='ocrx_word' id='word_1_412' title='bbox 457 3540 576 3583; x_wconf 90' lang='lat' dir='ltr'>mihi</span> <span class='ocrx_word' id='word_1_413' title='bbox 596 3541 897 3595; x_wconf 87' lang='lat' dir='ltr'>commodas,</span> <span class='ocrx_word' id='word_1_414' title='bbox 921 3547 970 3586; x_wconf 89' lang='lat' dir='ltr'>et</span> <span class='ocrx_word' id='word_1_415' title='bbox 995 3541 1170 3586; x_wconf 89' lang='lat' dir='ltr'>dicitur</span> <span class='ocrx_word' id='word_1_416' title='bbox 1190 3549 1412 3588; x_wconf 91' lang='lat' dir='ltr'>mutuum</span> <span class='ocrx_word' id='word_1_417' title='bbox 1432 3547 1576 3598; x_wconf 85' lang='lat' dir='ltr'>quasi</span> <span class='ocrx_word' id='word_1_418' title='bbox 1596 3558 1760 3588; x_wconf 86' lang='lat' dir='ltr'>meum</span> <span class='ocrx_word' id='word_1_419' title='bbox 1778 3549 1931 3593; x_wconf 88' lang='lat' dir='ltr'>tuum,</span> <span class='ocrx_word' id='word_1_420' title='bbox 1956 3547 2072 3598; x_wconf 86' lang='lat' dir='ltr'>quia</span> 
     </span>
     <span class='ocr_line' id='line_1_49' title="bbox 326 3608 794 3654; baseline 0.002 -3"><span class='ocrx_word' id='word_1_421' title='bbox 326 3608 386 3651; x_wconf 91' lang='lat' dir='ltr'>de</span> <span class='ocrx_word' id='word_1_422' title='bbox 407 3623 519 3653; x_wconf 90' lang='lat' dir='ltr'>meo</span> <span class='ocrx_word' id='word_1_423' title='bbox 539 3608 624 3652; x_wconf 89' lang='lat' dir='ltr'>fiat</span> <span class='ocrx_word' id='word_1_424' title='bbox 643 3614 794 3654; x_wconf 90' lang='lat' dir='ltr'>tuum.</span> 
     </span>
    </p>

    <p class='ocr_par' dir='ltr' id='par_1_23' title="bbox 137 3677 2063 3806">
     <span class='ocr_line' id='line_1_50' title="bbox 137 3677 2063 3731; baseline 0.004 -16"><span class='ocrx_word' id='word_1_425' title='bbox 137 3678 241 3715; x_wconf 79' lang='grc'>669</span> <span class='ocrx_word' id='word_1_426' title='bbox 263 3678 454 3731; x_wconf 86' lang='lat' dir='ltr'><em>primam</em></span> <span class='ocrx_word' id='word_1_427' title='bbox 486 3681 723 3722; x_wconf 85' lang='lat' dir='ltr'><em>materiam.</em></span> <span class='ocrx_word' id='word_1_428' title='bbox 753 3677 862 3724; x_wconf 87' lang='lat' dir='ltr'>The</span> <span class='ocrx_word' id='word_1_429' title='bbox 895 3678 1000 3724; x_wconf 88' lang='lat' dir='ltr'>first</span> <span class='ocrx_word' id='word_1_430' title='bbox 1031 3685 1207 3726; x_wconf 84' lang='lat' dir='ltr'>matter</span> <span class='ocrx_word' id='word_1_431' title='bbox 1242 3680 1295 3724; x_wconf 82' lang='lat' dir='ltr'>of</span> <span class='ocrx_word' id='word_1_432' title='bbox 1329 3681 1495 3725; x_wconf 90' lang='lat' dir='ltr'>which</span> <span class='ocrx_word' id='word_1_433' title='bbox 1533 3681 1617 3726; x_wconf 92' lang='lat' dir='ltr'>the</span> <span class='ocrx_word' id='word_1_434' title='bbox 1656 3681 1895 3726; x_wconf 91' lang='lat' dir='ltr'>elements</span> <span class='ocrx_word' id='word_1_435' title='bbox 1931 3693 2063 3725; x_wconf 87' lang='lat' dir='ltr'>were</span> 
     </span>
     <span class='ocr_line' id='line_1_51' title="bbox 328 3746 1767 3806; baseline 0.003 -18"><span class='ocrx_word' id='word_1_436' title='bbox 328 3746 612 3801; x_wconf 89' lang='lat' dir='ltr'>composed,</span> <span class='ocrx_word' id='word_1_437' title='bbox 634 3746 723 3790; x_wconf 93' lang='lat' dir='ltr'>but</span> <span class='ocrx_word' id='word_1_438' title='bbox 740 3747 906 3792; x_wconf 90' lang='lat' dir='ltr'>which</span> <span class='ocrx_word' id='word_1_439' title='bbox 926 3748 1048 3794; x_wconf 88' lang='lat' dir='ltr'>does</span> <span class='ocrx_word' id='word_1_440' title='bbox 1068 3754 1155 3793; x_wconf 92' lang='lat' dir='ltr'>not</span> <span class='ocrx_word' id='word_1_441' title='bbox 1175 3753 1300 3794; x_wconf 85' lang='lat' dir='ltr'>exist</span> <span class='ocrx_word' id='word_1_442' title='bbox 1321 3756 1463 3806; x_wconf 86' lang='lat' dir='ltr'>apart</span> <span class='ocrx_word' id='word_1_443' title='bbox 1481 3749 1608 3794; x_wconf 74' lang='lat' dir='ltr'>from</span> <span class='ocrx_word' id='word_1_444' title='bbox 1627 3749 1767 3794; x_wconf 83' lang='lat' dir='ltr'>form.</span> 
     </span>
    </p>
   </div>
  </div>
 </body>
</html>
